1783 3282
267 254 335 303 196
724 252 870 287 NoTAE
897 251 950 286 IN
982 250 1176 286 JUSTINI

264 340 335 373 sius
354 336 490 378 credit,
510 347 648 369 nomen
667 334 772 380 hujus
792 334 960 375 nutricis,
979 334 1043 368 sed
1067 346 1235 379 graecum.
1259 334 1404 368 Nomen
1419 333 1537 379 ipsum
1552 334 1640 366 Per—

263 411 405 440 samm,
430 397 493 444 qui
516 396 677 443 sagittis,
705 396 807 442 equis
831 403 866 430 et
885 395 1052 441 equitatu
1067 393 1155 427 clari
1181 401 1303 438 erant,
1326 395 1415 429 sicut
1442 401 1477 429 et
1499 395 1640 435 Persis,

263 460 331 494 filii
348 459 490 501 Persei,
507 472 525 492 a
541 470 613 504 quo
628 457 858 498 Herodotus,
872 457 894 489 l.
910 468 966 488 vu
979 481 988 497 ,
1008 455 1144 488 Persas
1164 466 1266 488 suam
1294 456 1477 502 originem
1497 455 1643 490 duxisse

263 520 408 563 scribit,
422 519 542 554 oritur
560 532 580 553 a
594 531 711 566 graeco
725 525 827 567 πέρθω
840 548 847 561 ‚
861 515 998 562 perde,
1018 522 1141 558 vasto,
1159 515 1322 561 perimo,
1336 516 1499 560 trucido,
1520 523 1644 566 πέρσις,

262 581 419 616 vastatio
429 607 438 625 ‚
452 580 543 615 sicut
566 587 601 614 et
614 591 752 614 nomen
766 578 906 612 Xerxis
917 603 926 620 ‚
939 578 1131 611 Persarum
1147 576 1263 623 regis,
1277 590 1298 611 a
1309 584 1447 627 χερσόω,
1461 578 1645 612 desertum

263 643 375 686 facio,
398 642 538 677 desolo.
559 639 746 681 Dioscuri,
763 637 825 684 qui
846 637 951 684 equis
969 644 1003 672 et
1029 637 1217 684 equitibus
1239 645 1442 683 praeerant,
1466 638 1646 673 diceban-

264 711 323 738 tur
335 705 538 751 Lapersoe,
555 702 601 735 ab
621 700 751 735 eadem
769 711 882 742 voce,
901 705 937 733 et
956 709 1012 737 λα-
1030 698 1211 745 particula
1230 699 1523 746 augmentativa,
1545 712 1608 734 seu
1627 712 1646 733 a

265 772 331 810 Λᾶ,
345 764 491 799 civitate
504 762 705 804 Laconica,
725 760 776 795 sic
790 760 974 806 appellata
994 759 1095 806 quod
1114 759 1152 794 in
1166 767 1271 806 petra
1291 761 1436 795 excelsa
1452 760 1521 795 sita
1534 768 1648 804 esset;

264 832 299 861 et
318 826 420 872 equis
440 824 532 859 albis
551 823 721 859 sedentes
741 821 855 856 efficti
877 821 1042 864 fuerunt,
1067 821 1191 868 quales
1220 823 1259 855 P.
1284 820 1470 866 vacieno,
1497 835 1610 869 quum
1622 812 1649 857 ‘e

262 894 420 933 praetura
440 886 596 920 Reatina
615 884 777 927 veniret,
798 890 913 917 noctu
938 890 1206 929 apparuerunt,
1229 883 1413 927 dicentes,
1427 884 1563 918 Persen
1588 896 1650 918 re-

264 959 347 994 gem
371 945 600 981 Macedoniae
626 945 691 979 illo
717 945 778 978 die
802 950 968 990 captum,
995 943 1097 989 quod
1116 943 1185 994 <isse
1210 944 1354 979 senatui
1382 944 1578 979 nuntiavit.
1604 945 1650 978 In

264 1008 378 1042 fidem
396 1007 503 1052 hujus
529 1006 661 1040 fabulae
681 1005 812 1039 Cicero
832 1004 912 1050 ipse
934 1003 1082 1046 scribit,
1102 1005 1160 1037 De
1172 1013 1247 1038 nat.
1267 1006 1400 1046 Deor„
1416 1006 1438 1038 l.
1460 1018 1530 1049 111,
1550 1005 1650 1052 apud

265 1070 444 1115 Regillum
470 1066 542 1115 (sic
568 1067 708 1101 dictum
733 1079 753 1099 a
783 1066 919 1112 Reges,
952 1076 1067 1111 graece
1100 1067 1265 1108 Anaces,
1288 1065 1481 1100 Castorum
1507 1078 1649 1113 cogno-

264 1128 386 1176 mine)
414 1128 452 1162 in
471 1128 572 1162 silice
591 1139 772 1175 apparere
793 1133 970 1173 tanquam
985 1125 1179 1172 vestigium
1199 1127 1343 1172 ungulae
1370 1127 1532 1162 Castoris
1555 1128 1650 1174 equi.

263 1190 361 1224 Vide
390 1189 485 1224 infra
519 1190 664 1237 Ungula
684 1189 782 1236 equi,
807 1199 883 1231 ΧΠ,
902 1193 945 1230 14
958 1201 966 1229 3
980 1187 1071 1222 vide
1089 1193 1195 1221 notas
1213 1199 1312 1221 meas
1335 1187 1382 1221 ad
1396 1189 1539 1234 Regum
1559 1188 1651 1223 vitas

265 1251 304 1286 C.
319 1251 492 1297 Nepotis,
511 1263 589 1297 cap.
616 1263 652 1293 1,
674 1257 751 1284 not.
773 1249 994 1284 Macrochir.

320 1313 403 1347 CAP.
425 1313 468 1346 V.
500 1312 589 1358 Cyri
604 1325 746 1347 nomen.
772 1313 909 1359 Cyrum
928 1310 1072 1358 persico
1089 1322 1260 1345 sermone
1286 1311 1402 1345 solem
1426 1310 1653 1358 significare,

267 1381 433 1408 auctores
465 1380 551 1408 sunt
575 1373 730 1417 Ctesias,
755 1373 1063 1419 Plutarchusque,
1093 1373 1129 1406 in
1161 1375 1392 1414 Artaxwzce,
1420 1386 1448 1407 c.
1482 1386 1510 1407 1.
1540 1375 1653 1421 Cyrus

266 1435 396 1482 igitur,
418 1447 532 1482 graece
557 1444 672 1485 Κῡρςς,
697 1435 796 1469 idem
822 1442 876 1469 est
908 1434 970 1481 qui
995 1441 1109 1484 κύριςς,
1135 1434 1328 1475 dominus,
1354 1435 1484 1479 gallice
1511 1436 1544 1469 le
1571 1436 1653 1469 Sei.

267 1509 401 1543 gneur,
426 1496 586 1543 ideoque
611 1497 684 1538 sol,
711 1497 774 1543 qui
798 1496 900 1542 apud
925 1508 1054 1530 omnes
1080 1503 1207 1541 gentes
1233 1496 1323 1530 olim
1348 1496 1530 1530 Dominus
1556 1497 1654 1531 dice-

268 1557 395 1599 batur,
426 1557 611 1604 praecipue
642 1557 743 1604 apud
772 1559 920 1601 Persas,
953 1557 1033 1603 qui,
1065 1564 1106 1590 ut
1131 1556 1180 1591 ait
1211 1558 1376 1591 Justinus
1408 1557 1525 1600 iufra,
1547 1571 1576 1592 c.
1611 1572 1654 1605 9,

268 1620 384 1653 solem
406 1632 515 1652 imum
534 1620 643 1653 deum
669 1631 748 1653 esse
767 1618 973 1653 credebant.

323 1681 478 1715 CARVI.
500 1681 724 1715 &ebat-ema<
740 1681 798 1715 Sic
818 1680 922 1723 dedi,
944 1680 993 1714 ait
1013 1682 1056 1714 D.
1069 1679 1256 1723 Lemaire,
1269 1692 1352 1714 cum
1365 1682 1409 1714 Is.
1424 1681 1656 1728 Vossio,pro

269 1742 370 1788 vulg.
385 1742 582 1787 Sybarem,
599 1754 713 1788 quum
725 1742 770 1776 sit
784 1754 899 1789 graece
909 1745 1050 1792 Οἷὲαρτζς
1059 1741 1187 1776 Ctesiae
1199 1742 1297 1787 apud
1310 1743 1499 1785 Phofium,
1511 1756 1547 1790 p.
1567 1756 1636 1787 107
1648 1771 1657 1786 ‚

271 1803 422 1849 ethujus
432 1803 537 1837 modi
556 1804 770 1838 nominibus
784 1803 954 1850 praeponi
973 1804 1089 1838 soleat
1106 1804 1228 1838 littera
1246 1816 1264 1837 s
1284 1803 1440 1847 scilicet,
1459 1807 1657 1840 utAndm-

271 1873 406 1908 cottus,
441 1866 603 1908 Merdzssr,
645 1865 852 1907 Osthanes,
890 1878 983 1911 quos
1007 1866 1069 1899 alii
1100 1866 1348 1912 pronuntiant
1371 1866 1657 1908 Sandrocottus,

273 1927 453 1970 Smerdis,
477 1927 686 1961 Sosthanes.
704 1943 717 1957 υ
738 1926 832 1960 Mihi
860 1935 981 1961 autem
1012 1927 1158 1961 videtur
1187 1940 1233 1961 ex
1256 1927 1480 1974 etymologia
1505 1927 1658 1963 minime

284 1987 473 2035 egendum
500 1987 707 2029 Soebarem,
736 2000 857 2034 neque
883 1989 1082 2034 Sybarem,
1110 1988 1174 2022 sed
1197 1988 1374 2022 Sobarem
1387 2015 1398 2031 ,
1425 2001 1444 2022 a
1466 2000 1585 2035 graeco
1609 2009 1659 2028 ‘50-

275 2052 368 2100 3150}
393 2049 456 2096 qui
471 2049 656 2084 concitato
677 2049 794 2095 gradu
807 2049 966 2093 incedit,
984 2051 1043 2084 vel
1063 2050 1126 2096 qui
1150 2049 1291 2083 incessu
1310 2062 1385 2096 prae
1406 2062 1443 2084 se
1462 2050 1532 2085 fert
1546 2051 1660 2086 animi

274 2118 475 2154 tumorem,
502 2114 733 2160 σοὲαρεῦομαι,
763 2110 923 2156 superbe
950 2110 1097 2145 incedo.

333 2172 517 2206 Obscoena
542 2172 707 2218 corporis
738 2172 943 2205 ostendunt.
974 2171 1104 2206 Refert
1129 2178 1163 2206 et
1188 2171 1423 2215 Plutarchus,
1448 2172 1579 2207 libello
1605 2174 1662 2207 De

275 2234 404 2268 virtute
434 2233 645 2276 mulierum,
679 2245 758 2280 cap.
789 2246 831 2280 93
869 2245 937 2267 nec
963 2233 1146 2267 absimilia
1177 2232 1223 2267 de
1260 2233 1455 2268 Germanis
1496 2234 1661 2279 Tacitus,

276 2295 323 2328 de
347 2295 442 2329 ΛΙον.
473 2295 612 2337 Germ„
639 2306 719 2342 cap.
738 2294 777 2338 8,
799 2293 998 2341 principio.

330 2354 412 2390 CAP.
426 2356 512 2390 VII.
540 2357 696 2391 Croesus.
712 2359 742 2390 A
760 2368 881 2402 graeco
900 2362 979 2404 ⁷45⁰>
999 2356 1057 2389 vel
1080 2362 1190 2405 mpsim,
1204 2355 1368 2403 impero,
1382 2368 1519 2404 regno,
1536 2365 1661 2408 χρείων,

277 2424 474 2463 regnator,
504 2430 587 2462 rex,
611 2417 709 2452 unde
739 2416 871 2459 Creon,
901 2416 1115 2451 Thebarum
1141 2429 1227 2460 rex,
1252 2423 1400 2466 κρείουσα
1425 2418 1484 2452 vel
1511 2427 1662 2469 χρέωσα,

278 2478 424 2525 regina,
449 2480 550 2515 unde
574 2487 609 2515 et
631 2480 782 2521 Creusa,
809 2478 978 2513 Creontis
998 2478 1277 2513 Corinthiorum
1301 2478 1398 2526 regis
1424 2477 1512 2514 filia.

332 2540 415 2574 CAP.
430 2541 534 2575 VIII.
568 2542 742 2585 Tamyris.
766 2541 847 2575 Hoc
870 2553 1009 2575 nomen
1028 2552 1097 2586 pro
1121 2540 1277 2575 diversis
1303 2541 1515 2576 auctoribus
1540 2541 1664 2576 diver-

282 2615 363 2636 sum
392 2610 445 2638 est
471 2616 478 2636 z
507 2602 725 2645 Frontinus,
754 2614 810 2645 11,
847 2602 888 2641 5,
920 2609 955 2637 et
983 2601 1211 2646 Jornandes,
1233 2602 1272 2636 in
1298 2603 1452 2646 Geticis,
1480 2615 1508 2637 c.
1538 2615 1602 2646 10,
1628 2610 1662 2637 et

282 2666 400 2700 nostri
431 2671 518 2700 vett.
549 2675 677 2699 omnes
703 2672 915 2699 constanter
948 2665 1122 2707 Tamis-is,
1156 2678 1229 2698 uno
1257 2672 1430 2711 excepto,
1460 2665 1525 2711 qui
1549 2665 1662 2699 hahet
