1783 3282
354 263 364 285 ῑ
377 255 422 292 40
937 249 1122 284 JUSTINI

350 333 533 375 nuntiat.
570 331 672 387 Quo
703 330 912 374 beneficio
941 331 1170 373 devinctus
1200 330 1460 385 Cassander,
1488 328 1596 372 nihil
1627 346 1712 374 non

350 427 401 453 ex
425 410 606 453 arbitrio
627 408 850 453 muliebris
879 408 1069 452 audaciae
1094 409 1215 468 gerit.
1240 409 1411 451 Deinde
1431 408 1651 469 profectus
1672 409 1715 450 in

350 489 584 544 Graeciam,
614 488 762 532 multis
787 488 1034 530 civitatibus
1062 485 1224 529 bellum
1251 486 1382 529 infert
1407 504 1415 529 :
1439 503 1623 546 quarum
1643 503 1715 529 ex-

350 566 485 622 cidio,
526 567 660 610 veluti
693 567 837 609 vicino
873 564 1092 619 incendio,
1136 565 1275 606 territi
1306 566 1525 624 Spartani,
1562 565 1716 608 urbem

351 662 481 705 quam
510 662 677 705 semper
703 645 851 700 armis,
882 661 970 686 non
991 644 1148 699 muris,
1174 643 1472 699 defenderant,
1500 654 1593 687 tum
1613 660 1716 687 con-

351 734 418 767 tra
442 741 647 784 responsa
672 724 861 767 fatorum
890 733 932 766 et
963 733 1154 765 veterem
1180 723 1395 782 majorum
1420 721 1624 782 gloriam,
1648 739 1717 765 ar-

351 804 431 847 mis
466 803 617 857 diffisi,
654 819 882 845 murorum
911 802 1111 861 praesidio
1139 801 1385 844 includunt.
1419 803 1609 844 Tantum
1646 817 1717 844 eos

351 882 675 942 degeneravisse
694 898 717 924 a
738 881 997 940 majoribus,
1018 890 1083 935 ut,
1111 897 1244 939 quum
1273 879 1420 922 multis
1447 879 1601 923 seculis
1625 897 1719 923 mu-

351 976 423 1002 rus
448 959 545 1002 urbi
573 960 732 1001 civium
768 959 903 1000 virtus
927 958 1075 1013 fuerit,
1106 969 1210 1001 tunc
1237 959 1350 1001 cives
1385 957 1521 1002 salvos
1551 975 1593 1002 se
1625 958 1718 1001 fore

350 1055 437 1081 non
462 1038 819 1093 existimaverint,
849 1038 930 1080 nisi
952 1038 1065 1080 intra
1090 1053 1237 1080 muros
1261 1037 1457 1080 laterent.
1492 1040 1603 1080 Dum
1627 1038 1719 1080 haec

350 1126 558 1176 aguntur,
578 1116 869 1159 Cassandrum
888 1133 912 1159 a
935 1117 1103 1159 Graecia
1128 1116 1328 1158 turbatus
1347 1116 1614 1159 Macedoniae
1631 1127 1717 1159 sta-

352 1205 417 1239 tus
433 1195 610 1240 domum
631 1198 862 1239 revocavit.
883 1197 1084 1255 Namque
1112 1195 1336 1255 Olympias
1359 1196 1515 1256 [mater
1530 1195 1717 1239 Alexan-

351 1275 417 1317 dri
454 1275 603 1334 Magni
635 1274 796 1335 regis),
826 1291 961 1334 quum
988 1275 1123 1334 Epiro
1147 1276 1188 1317 in
1215 1274 1539 1329 Macedoniam,
1572 1292 1719 1334 prose-

351 1364 509 1414 quente
530 1354 705 1397 AEacida
723 1388 733 1409 ,
751 1371 851 1415 rege
868 1353 1156 1397 Molossorum
1172 1388 1182 1408 ,
1203 1355 1387 1409 veniret,
1408 1354 1718 1413 prohiberique
1755 1410 1759 1411 ⁷

350 1433 507 1476 finibus
534 1434 587 1476 ab
623 1434 840 1492 Eurydice
871 1443 911 1476 et
944 1433 1115 1476 Aridaeo
1150 1450 1251 1493 rege
1280 1434 1498 1492 coepisset,
1529 1450 1602 1475 seu
1629 1450 1719 1475 me—

351 1513 488 1554 moria
522 1513 691 1565 mariti,
722 1529 795 1555 seu
826 1512 1125 1571 magnitudine
1151 1511 1255 1566 filii,
1290 1521 1331 1554 et
1360 1512 1620 1570 indignitate
1655 1513 1716 1554 rei

352 1591 458 1632 moti
483 1590 765 1645 Macedones,
793 1591 846 1633 ad
871 1590 1175 1649 Olympiadem
1201 1591 1407 1633 transiere
1430 1590 1577 1649 :cujus
1595 1590 1717 1648 jussu

351 1678 393 1711 et
426 1669 663 1728 Eurydice,
698 1679 740 1711 et
772 1686 845 1712 rex
879 1669 1117 1723 occiditur,
1141 1685 1212 1711 sex
1241 1670 1364 1712 annis
1396 1679 1495 1728 post
1531 1667 1718 1712 Alexan-

353 1747 478 1790 drum
504 1749 667 1807 potitus
690 1765 837 1807 regno.

416 1827 490 1869 VI.
515 1827 594 1869 Sed
622 1843 701 1869 nec
727 1826 950 1886 Olympias
971 1826 1043 1869 diu
1067 1828 1276 1886 regnavit.
1305 1828 1416 1870 Nam
1437 1843 1572 1885 quum
1597 1827 1718 1885 prin-

353 1905 498 1963 cipum
522 1906 680 1964 passim
703 1905 856 1960 caedes,
888 1905 1089 1947 muliebri
1113 1907 1267 1964 magis,
1290 1922 1419 1964 quam
1450 1905 1568 1964 regio
1597 1921 1718 1948 more

352 1983 543 2038 fecisset,
567 1983 758 2026 favorem
785 1984 849 2025 sui
870 1984 912 2025 in
931 1983 1080 2026 odium
1104 1984 1247 2025 vertit.
1274 1985 1426 2041 Itaque
1448 1983 1597 2026 audito
1617 1986 1719 2028 Cas-

353 2061 498 2105 sandri
519 2062 733 2116 adventu,
763 2061 900 2104 diffisa
924 2061 1259 2111 Macedonibus,
1286 2078 1385 2104 cum
1408 2079 1521 2105 nuru
1540 2066 1718 2106 Roxane

352 2150 394 2184 et
421 2150 579 2200 nepote
603 2139 843 2201 (Hercule),
872 2141 916 2182 in
939 2140 1132 2199 Pydnam
1156 2141 1309 2183 urbem
1336 2141 1547 2183 concedit.
1578 2141 1716 2184 Profi-

355 2220 530 2262 ciscenti
564 2219 813 2272 Deidamia,
847 2218 1031 2261 AEacidae
1063 2219 1174 2278 regis
1200 2218 1307 2273 filia,
1340 2229 1382 2262 et
1412 2219 1718 2263 Thessalonice

354 2299 577 2358 privigna,
601 2307 642 2340 et
674 2299 766 2357 ipsa
791 2296 906 2339 clara
932 2296 1121 2356 Philippi
1156 2299 1291 2357 patris
1319 2298 1516 2354 nomine,
1553 2298 1718 2341 multae-

354 2393 438 2435 que
477 2376 569 2419 aliae
609 2377 858 2435 principum
895 2385 1123 2431 matronae,
1162 2378 1378 2435 speciosus
1416 2377 1550 2436 magis
1588 2394 1717 2436 quam

356 2454 472 2497 utilis
501 2472 624 2514 grex,
655 2455 833 2497 comites
863 2453 993 2496 fuere.
1020 2458 1121 2497 Haec
1145 2472 1280 2514 quum
1307 2457 1509 2498 nuntiata
1536 2457 1720 2498 Cassan-

355 2532 433 2575 dro
447 2533 766 2587 essent,statim
781 2565 790 2586 ,
807 2533 938 2575 citato
961 2549 1110 2588 cursu,
1126 2533 1321 2593 Pydnam
1344 2536 1483 2587 venit,
1503 2544 1545 2577 et
1567 2534 1718 2576 urbem

355 2611 577 2654 obsidione
603 2613 751 2671 cingit.
777 2613 928 2667 Quum
958 2612 1068 2654 fame
1097 2613 1296 2671 ferroque
1323 2622 1548 2672 urgeretur
1568 2611 1718 2672 Olym-
