1783 3282
327 211 396 254 146
914 212 1101 246 JUST1N1

323 304 434 340 esset
453 294 692 349 Antiocho,
717 293 834 337 claro
863 295 977 337 inter
1006 295 1196 354 Philippi
1219 295 1348 337 (luces
1375 296 1490 347 viro,
1513 293 1604 336 visa
1625 303 1690 335 est

324 375 403 417 sibi
422 389 499 433 per
524 373 714 432 quietem
740 389 793 416 ex
816 373 1052 416 concubitu
1078 372 1291 431 Apollinis
1312 373 1577 432 concepisse;
1597 387 1691 432 gra-

324 452 556 511 vidamque
590 451 765 508 factam,
795 468 952 496 munus
985 450 1265 506 concubitus,
1302 450 1512 494 annulum
1543 467 1567 493 a
1595 452 1691 494 Deo

323 531 553 591 accepisse,
578 532 622 574 in
652 532 775 590 cujus
801 546 971 590 gemma
995 544 1152 572 ancora
1182 528 1353 588 sculpta
1380 540 1491 572 esset
1521 546 1529 572 :
1551 529 1685 589 jussa-

324 626 407 669 que
436 609 600 653 donum
629 608 737 664 filio,
770 624 900 667 quem
937 607 1195 667 peperisset,
1235 607 1350 650 dare.
1380 607 1690 651 Admirabilem

323 689 424 732 fecit
455 689 573 731 hunc
600 689 741 731 visum
766 696 810 730 et
835 685 1044 741 annulus,
1073 687 1148 745 qui
1173 695 1348 746 postera
1375 685 1468 741 die,
1498 685 1691 745 ejusdem

324 767 572 827 sculpturae,
597 768 640 809 in
670 766 783 809 lecto
810 766 1014 808 inventus
1041 774 1106 808 est
1126 782 1135 808 :
1155 775 1199 808 et
1220 764 1358 825 figura
1389 780 1579 820 ancorae,
1599 781 1693 823 quae

324 847 368 889 in
403 846 565 889 femore
604 844 771 888 Seleuci
803 855 906 887 nata
933 861 1031 887 cum
1063 845 1156 903 ipso
1184 843 1369 903 parvulo
1398 843 1493 887 fuit.
1524 843 1691 899 Quam-

324 925 474 968 obrem
501 924 689 967 Laodice
716 922 928 966 annulum
958 922 1139 966 Seleuco
1170 924 1291 966 eunti
1324 939 1421 966 cum
1445 922 1693 967 Alexandro

323 1006 485 1064 Magno
506 1002 560 1046 ad
584 1003 797 1062 persicam
821 1001 1042 1058 militiam,
1064 1001 1218 1045 edocto
1238 1001 1290 1044 de
1305 1002 1473 1062 origine
1495 1018 1571 1045 sua
1586 1036 1597 1057 ,
1619 1002 1692 1045 de-

324 1082 399 1125 dit.
426 1082 512 1125 Ubi
534 1090 631 1141 post
655 1091 841 1124 mortem
861 1079 1116 1136 Alexandri,
1143 1089 1355 1139 occupato
1381 1096 1516 1140 regno
1535 1081 1692 1123 Orien-

324 1162 396 1216 tis,
421 1161 574 1203 urbem
598 1160 813 1215 condidit,
841 1160 988 1218 ibique
1018 1160 1199 1219 geminae
1229 1159 1410 1219 originis
1437 1158 1693 1202 memoriam

324 1240 605 1283 consecravit.
636 1240 751 1283 Nam
783 1249 826 1281 et
855 1239 1008 1281 urbem
1038 1255 1090 1281 ex
1114 1238 1320 1282 Antiochi
1352 1238 1488 1297 patris
1518 1239 1694 1281 nomine

326 1319 606 1362 Antiochiam
631 1319 824 1372 vocavit3
844 1328 886 1361 et
911 1334 1086 1378 campos
1114 1319 1279 1362 vicinos
1299 1318 1395 1360 urbi
1419 1317 1613 1378 Apollini
1633 1317 1695 1360 di-

323 1398 447 1441 cavit.
479 1399 671 1458 Originis
700 1398 791 1457 ejus
809 1406 1115 1458 argumentum
1144 1398 1274 1440 etiam
1298 1397 1342 1439 in
1367 1397 1547 1457 posteris
1569 1412 1694 1440 man-

324 1478 379 1519 sit
408 1494 416 1519 :
449 1477 662 1536 siquidem
689 1476 766 1519 filii
790 1486 1055 1536 nepotesque
1075 1478 1190 1536 ejus,
1221 1493 1425 1520 ancoram
1452 1478 1495 1519 in
1516 1477 1692 1533 femore,

323 1554 459 1597 veluti
508 1564 655 1598 notam
699 1555 868 1615 generis
911 1555 1173 1611 naturalem,
1222 1555 1425 1598 habuere.
1470 1556 1612 1599 Multa
1649 1556 1692 1599 in

323 1635 520 1689 Oriente,
548 1644 645 1693 post
672 1634 927 1677 divisionem
954 1635 1067 1677 inter
1095 1635 1231 1678 socios
1257 1636 1379 1695 regni
1404 1635 1694 1692 macedonici,

322 1712 434 1756 bella
463 1714 606 1773 gessit.
636 1714 856 1773 Principio
888 1713 1171 1773 Babyloniam
1200 1714 1332 1774 cepit3
1356 1714 1455 1757 inde
1480 1715 1616 1758 auctis
1643 1731 1694 1758 ex

321 1793 503 1835 victoria
516 1793 697 1848 viribus,
713 1793 965 1836 Bactrianos
980 1794 1257 1853 expugnavit.
1273 1794 1523 1837 Transitum
1538 1794 1693 1838 deinde

322 1871 367 1914 in
395 1871 565 1914 Indiam
584 1871 706 1926 fecit,
726 1888 819 1930 quae
842 1881 941 1931 post
959 1882 1146 1916 mortem
1165 1871 1420 1928 Alexandri,
1441 1872 1576 1916 veluti
1600 1890 1693 1917 cer-

320 1951 488 1994 vicibus
504 1951 611 2011 jugo
631 1952 850 1994 servitutis
872 1967 1068 2005 excusso,
1093 1951 1315 2010 praefectos
1338 1953 1429 2011 ejus
1459 1952 1690 1996 occiderat.

320 2034 485 2074 Auctor
504 2029 714 2073 libertatis
739 2029 1053 2073 Sandrocottus
1073 2029 1213 2073 fuerat
1237 2047 1245 2072 :
1269 2030 1343 2073 sed
1364 2030 1541 2074 titulum
1561 2030 1692 2075 liber-

321 2110 421 2152 tatis
441 2118 539 2169 post
558 2109 784 2152 victoriam
809 2109 852 2151 in
871 2109 1123 2152 servitutem
1143 2118 1332 2152 verterat
1354 2126 1363 2151 :
1384 2109 1597 2169 siquidem
1619 2126 1692 2153 oc-

320 2198 477 2248 cupato
505 2205 659 2248 regno,
688 2187 920 2248 populum,
947 2204 1077 2247 quem
1108 2188 1160 2230 ab
1189 2198 1367 2231 externa
1395 2187 1691 2232 dominatione

320 2267 633 2323 vindicaverat,
650 2268 739 2327 ipse
755 2267 931 2310 servitio
952 2267 1191 2326 premebat.
1212 2267 1313 2310 Fuit
1329 2267 1402 2310 hic
1418 2267 1593 2326 quidem
1612 2268 1692 2311 hu-

320 2346 411 2389 mili
435 2363 590 2406 genere
610 2356 736 2390 natus
750 2381 760 2401 ,
781 2346 854 2389 sed
872 2346 927 2388 ad
949 2346 1071 2405 regni
1091 2355 1352 2406 potestatem
1371 2347 1595 2406 majestate
1614 2363 1692 2389 nu-

320 2425 448 2468 minis
476 2424 700 2485 impulsus.
727 2425 903 2484 Quippe
934 2441 1071 2483 quum
1099 2425 1360 2484 procacitate
1397 2441 1472 2468 sua
1504 2424 1689 2470 Alexan-

320 2503 447 2547 drum
473 2521 619 2564 regem
640 2504 915 2558 offendisset,
946 2503 1129 2547 interfici
1154 2521 1177 2547 a
1208 2521 1308 2564 rege
1325 2504 1470 2564 jussus
1507 2503 1690 2547 salutem

320 2582 479 2642 pedum
512 2581 730 2626 celeritate
761 2584 998 2642 quaesierat.
1040 2586 1103 2626 Ex
1139 2600 1223 2642 qua
1256 2583 1528 2643 fatigatione,
1553 2599 1686 2642 quum
