1783 3282
309 281 319 301 ι
331 280 375 303 22
895 267 1080 302 JUSTINI

304 352 384 394 nisi
414 350 459 391 in
486 348 647 409 ungula
670 349 789 409 equi,
815 350 1008 410 potuerit
1035 366 1042 391 :
1072 349 1329 407 praemonito
1355 348 1463 404 filio,
1492 365 1545 392 ne
1574 348 1667 404 alii,

304 444 434 487 quam
458 427 663 471 Thessalo
686 437 728 471 et
749 427 954 471 fratribus
973 427 1181 471 crederet.
1204 430 1296 471 Hac
1320 429 1452 488 igitur
1476 444 1526 471 ex
1544 444 1671 471 causa

305 506 421 567 apud
448 505 702 550 Thessalum
732 516 931 567 paratum
964 506 1284 565 repetitumque
1315 507 1566 550 convivium
1593 515 1668 549 est.

303 586 530 647 Philippus
557 597 600 630 et
626 585 756 630 Iollas
787 594 1052 645 praegustare
1075 600 1123 627 ac
1152 594 1394 644 temperare
1421 595 1574 645 potum
1603 601 1670 627 re-

303 667 366 726 gis
402 665 539 721 soliti,
573 667 615 708 in
655 681 767 724 aqua
793 663 951 725 frigida
989 679 1207 706 venenum
1240 663 1508 718 habuerunt,
1541 679 1671 722 quam

303 754 577 805 praegustatae
600 745 692 804 jam
722 744 890 803 potioni
916 743 1275 802 supermiserunt.

366 825 464 867 XV.
486 825 657 880 Quarta
681 822 749 866 die
774 821 1020 866 Alexander
1044 821 1339 865 indubitatam
1363 830 1547 864 mortem
1578 837 1674 864 sen-

306 903 436 956 tiens,
455 921 475 941 «
491 905 739 961 Agnoscere
759 918 802 944 se
815 901 953 944 fatum
971 900 1126 943 domus
1152 901 1368 960 majorum
1389 917 1567 943 suorum
1587 901 1672 943 ait:

307 997 407 1024 nam
432 979 661 1040 plerosque
681 978 958 1022 AEacidarum
981 980 1094 1022 intra
1119 979 1390 1039 trigesimum
1416 995 1580 1022 annum
1602 978 1674 1022 de-

306 1060 528 1103 functos.»
555 1058 891 1102 Tumultuantes
916 1057 1074 1100 deinde
1099 1057 1260 1101 milites
1277 1092 1287 1111 ,
1310 1057 1474 1101 insidiis
1499 1059 1677 1118 periisse

307 1154 454 1199 regern
489 1138 776 1197 suspicantes,
811 1137 901 1197 ipse
936 1137 1122 1189 sedavit3
1156 1153 1315 1197 eosque
1343 1153 1511 1191 omnes,
1542 1154 1677 1197 quum

308 1216 503 1278 prolatus
527 1217 571 1259 in
599 1216 887 1260 editissimum
920 1217 1038 1259 urbis
1070 1216 1215 1260 locum
1239 1226 1369 1273 esset,
1397 1216 1450 1259 ad
1473 1233 1679 1277 conspec-

309 1307 401 1340 tum
425 1312 552 1339 suum
577 1295 770 1351 admisit,
794 1295 1164 1355 osculandamque
1198 1295 1394 1339 dextram
1420 1313 1540 1339 suam
1577 1296 1680 1339 flen-

309 1376 423 1419 tibus
440 1376 646 1435 porrexit.
672 1376 824 1431 Quum
847 1374 1137 1435 lacrymarent
1155 1392 1331 1429 omnes,
1358 1376 1448 1436 ipse
1473 1393 1562 1418 non
1585 1377 1678 1419 sine

308 1452 508 1514 lacrymis
536 1463 729 1509 tantum,
745 1471 897 1497 verum
918 1455 1046 1497 etiam
1074 1455 1166 1497 sine
1187 1453 1277 1497 ullo
1301 1455 1504 1498 tristioris
1524 1456 1680 1498 mentis

308 1542 566 1593 argumento
596 1533 703 1588 fuit,
725 1543 771 1575 ut
800 1533 1011 1592 quosdam
1037 1534 1334 1593 impatientius
1359 1533 1554 1577 dolentes
1579 1551 1682 1577 con—

309 1611 468 1656 solatus
501 1614 572 1668 sit3
602 1612 861 1673 quibusdam
889 1613 1094 1656 mandata
1122 1613 1175 1656 ad
1207 1623 1408 1673 parentes
1433 1630 1586 1657 eorum
1610 1613 1683 1657 de-

310 1692 419 1736 derit
444 1710 452 1735 :
481 1692 612 1747 adeo,
640 1693 767 1736 sicuti
793 1693 835 1735 in
862 1693 1053 1747 hostem,
1074 1694 1132 1736 ita
1155 1703 1196 1736 et
1220 1694 1263 1736 in
1285 1703 1470 1736 mortem
1495 1693 1683 1737 invictus

310 1773 480 1815 animus
520 1772 613 1815 fuit.
653 1773 854 1816 Dimissis
895 1772 1126 1827 militibus,
1160 1774 1321 1816 amicos
1357 1774 1684 1817 circumstantes

312 1861 615 1911 percontatur,
660 1852 997 1895 «Videanturne
1030 1851 1215 1895 similem
1254 1853 1334 1896 sibi
1371 1853 1586 1912 reperturi
1618 1870 1684 1896 re-

313 1931 468 1991 gem?»
495 1931 758 1974 Tacentibus
787 1933 975 1987 cunctis,
1003 1942 1096 1974 tum
1128 1933 1238 1991 ipse,
1261 1933 1358 1974 «Ut
1386 1932 1470 1975 hoc
1501 1933 1684 1985 nesciat,

314 2011 374 2054 ita
409 2008 517 2052 illud
544 2011 654 2054 scire
690 2011 1006 2070 vaticinarique
1044 2028 1108 2065 se,
1138 2028 1186 2054 ac
1220 2027 1341 2071 paenc
1374 2010 1510 2055 oculis
1540 2011 1685 2055 videro

313 2089 443 2145 dixit,
463 2099 677 2148 quantum
693 2091 748 2133 sit
769 2091 814 2132 in
833 2090 916 2133 hoc
930 2091 1167 2133 certamine
1187 2091 1411 2151 sanguinis
1431 2090 1579 2133 fusura
1594 2092 1687 2133 Ma-

311 2169 516 2222 cedonia3
540 2170 714 2229 quantis
744 2169 955 2225 caedibus,
985 2186 1072 2229 quo
1099 2186 1272 2224 cruore,
1298 2180 1474 2213 mortuo
1506 2170 1584 2213 sibi
1612 2186 1687 2230 pa-

316 2257 588 2292 rentatura.»
618 2248 686 2292 Ad
709 2259 1000 2308 postremum,
1018 2266 1176 2310 corpus
1205 2266 1331 2293 suuni
1361 2251 1403 2292 in
1431 2250 1687 2292 Hammonis

317 2326 479 2388 templo
502 2327 631 2371 condi
655 2328 792 2387 jubet.
818 2328 967 2384 Quum
993 2328 1174 2372 deficere
1203 2345 1301 2372 eum
1318 2329 1446 2371 amici
1472 2328 1685 2381 viderent,

318 2417 542 2466 quaerunt,
569 2426 589 2448 c<
609 2408 754 2465 Quem
780 2408 954 2467 imperii
987 2407 1115 2451 faciat
1139 2407 1345 2451 heredem
1365 2425 1372 2450 ε
1397 2428 1416 2448 n
1439 2407 1686 2468 respondit,

319 2486 722 2546 «Dignissimum.»
761 2489 901 2530 Tanta
928 2485 988 2529 illi
1026 2486 1282 2547 magnitudo
1318 2488 1450 2529 animi
1485 2486 1584 2540 fuit,
1621 2496 1686 2537 ut,

317 2580 452 2624 quum
475 2564 710 2608 Herculem
734 2564 893 2621 filium,
918 2582 1053 2625 quum
1075 2566 1253 2609 fratrem
1284 2565 1525 2619 Aridaeum,
1552 2581 1684 2624 quum

317 2645 529 2687 Roxanen
562 2660 737 2687 uxorem
768 2655 1064 2705 praegnantem
1101 2644 1392 2704 relinqueret,
1424 2643 1581 2687 oblitus
1615 2660 1688 2687 ne—
