<?xml version="1.0" encoding="UTF-8"?>
<!DOCTYPE html PUBLIC "-//W3C//DTD XHTML 1.0 Transitional//EN"
    "http://www.w3.org/TR/xhtml1/DTD/xhtml1-transitional.dtd">
<html xmlns="http://www.w3.org/1999/xhtml" xml:lang="en" lang="en">
 <head>
  <title>
</title>
<meta http-equiv="Content-Type" content="text/html;charset=utf-8" />
  <meta name='ocr-system' content='tesseract 3.04.00' />
  <meta name='ocr-capabilities' content='ocr_page ocr_carea ocr_par ocr_line ocrx_word'/>
</head>
<body>
  <div class='ocr_page' id='page_1' title='image "./historiarumphili01justuoft_0118.png"; bbox 0 0 1783 3282; ppageno 0'>
   <div class='ocr_carea' id='block_1_1' title="bbox 336 256 1104 296">
    <p class='ocr_par' dir='ltr' id='par_1_1' title="bbox 336 256 1104 296">
     <span class='ocr_line' id='line_1_1' title="bbox 336 256 1104 296; baseline -0.005 -1"><span class='ocrx_word' id='word_1_1' title='bbox 336 275 403 296; x_wconf 74' lang='lat'>100</span> <span class='ocrx_word' id='word_1_2' title='bbox 918 256 1104 292; x_wconf 66' lang='lat' dir='ltr'>JUSTINI</span> 
     </span>
    </p>
   </div>
   <div class='ocr_carea' id='block_1_2' title="bbox 332 341 1747 2598">
    <p class='ocr_par' dir='ltr' id='par_1_2' title="bbox 332 341 1701 1188">
     <span class='ocr_line' id='line_1_2' title="bbox 332 341 1693 403; baseline -0.001 -18"><span class='ocrx_word' id='word_1_3' title='bbox 332 361 382 386; x_wconf 68' lang='lat' dir='ltr'>ex</span> <span class='ocrx_word' id='word_1_4' title='bbox 405 342 602 398; x_wconf 84' lang='lat' dir='ltr'>medicis,</span> <span class='ocrx_word' id='word_1_5' title='bbox 627 345 801 386; x_wconf 89' lang='lat' dir='ltr'>nomine</span> <span class='ocrx_word' id='word_1_6' title='bbox 818 344 1066 403; x_wconf 82' lang='lat' dir='ltr'>Philippus,</span> <span class='ocrx_word' id='word_1_7' title='bbox 1093 344 1166 401; x_wconf 86' lang='lat' dir='ltr'>qui</span> <span class='ocrx_word' id='word_1_8' title='bbox 1196 341 1310 385; x_wconf 87' lang='lat' dir='ltr'>solus</span> <span class='ocrx_word' id='word_1_9' title='bbox 1334 341 1576 385; x_wconf 85' lang='lat' dir='ltr'>remedium</span> <span class='ocrx_word' id='word_1_10' title='bbox 1602 342 1693 401; x_wconf 90' lang='lat' dir='ltr'>pol-</span> 
     </span>
     <span class='ocr_line' id='line_1_3' title="bbox 334 419 1695 482; baseline -0.001 -18"><span class='ocrx_word' id='word_1_11' title='bbox 334 422 536 464; x_wconf 78' lang='lat' dir='ltr'>liceretur</span> <span class='ocrx_word' id='word_1_12' title='bbox 562 439 570 464; x_wconf 89' lang='lat'>:</span> <span class='ocrx_word' id='word_1_13' title='bbox 599 422 672 465; x_wconf 90' lang='lat' dir='ltr'>sed</span> <span class='ocrx_word' id='word_1_14' title='bbox 696 431 736 464; x_wconf 88' lang='lat' dir='ltr'>et</span> <span class='ocrx_word' id='word_1_15' title='bbox 763 423 906 482; x_wconf 87' lang='lat' dir='ltr'>ipsum</span> <span class='ocrx_word' id='word_1_16' title='bbox 930 422 1228 465; x_wconf 82' lang='lat' dir='ltr'>Parmenionis</span> <span class='ocrx_word' id='word_1_17' title='bbox 1260 420 1399 480; x_wconf 83' lang='lat' dir='ltr'>pridie</span> <span class='ocrx_word' id='word_1_18' title='bbox 1424 437 1448 462; x_wconf 86' lang='lat' dir='ltr'>a</span> <span class='ocrx_word' id='word_1_19' title='bbox 1471 419 1695 479; x_wconf 83' lang='lat' dir='ltr'>Cappado-</span> 
     </span>
     <span class='ocr_line' id='line_1_4' title="bbox 332 498 1694 561; baseline -0.003 -17"><span class='ocrx_word' id='word_1_20' title='bbox 332 503 398 544; x_wconf 88' lang='lat' dir='ltr'>cia</span> <span class='ocrx_word' id='word_1_21' title='bbox 435 502 572 544; x_wconf 88' lang='lat' dir='ltr'>missae</span> <span class='ocrx_word' id='word_1_22' title='bbox 609 500 800 561; x_wconf 79' lang='lat' dir='ltr'>epistolae</span> <span class='ocrx_word' id='word_1_23' title='bbox 835 510 1085 558; x_wconf 87' lang='lat' dir='ltr'>suspectum</span> <span class='ocrx_word' id='word_1_24' title='bbox 1128 498 1340 541; x_wconf 87' lang='lat' dir='ltr'>faciebant</span> <span class='ocrx_word' id='word_1_25' title='bbox 1378 499 1487 557; x_wconf 89' lang='lat' dir='ltr'>:qui</span> <span class='ocrx_word' id='word_1_26' title='bbox 1519 500 1694 558; x_wconf 83' lang='lat' dir='ltr'>ignarus</span> 
     </span>
     <span class='ocr_line' id='line_1_5' title="bbox 334 575 1696 637; baseline -0.004 -14"><span class='ocrx_word' id='word_1_27' title='bbox 334 580 597 623; x_wconf 88' lang='lat' dir='ltr'>infirmitatis</span> <span class='ocrx_word' id='word_1_28' title='bbox 621 578 853 623; x_wconf 83' lang='lat' dir='ltr'>Alexandri</span> <span class='ocrx_word' id='word_1_29' title='bbox 876 579 1123 637; x_wconf 79' lang='lat' dir='ltr'>scripserat,</span> <span class='ocrx_word' id='word_1_30' title='bbox 1144 596 1164 616; x_wconf 85' lang='lat'>«</span> <span class='ocrx_word' id='word_1_31' title='bbox 1179 575 1432 635; x_wconf 88' lang='lat' dir='ltr'>APhilippo</span> <span class='ocrx_word' id='word_1_32' title='bbox 1446 576 1616 619; x_wconf 91' lang='lat' dir='ltr'>medico</span> <span class='ocrx_word' id='word_1_33' title='bbox 1632 592 1696 620; x_wconf 89' lang='lat' dir='ltr'>ca-</span> 
     </span>
     <span class='ocr_line' id='line_1_6' title="bbox 334 655 1695 716; baseline -0.004 -15"><span class='ocrx_word' id='word_1_34' title='bbox 334 668 472 714; x_wconf 81' lang='lat' dir='ltr'>veret3</span> <span class='ocrx_word' id='word_1_35' title='bbox 502 675 602 702; x_wconf 85' lang='lat' dir='ltr'>nam</span> <span class='ocrx_word' id='word_1_36' title='bbox 642 666 897 716; x_wconf 91' lang='lat' dir='ltr'>corruptum</span> <span class='ocrx_word' id='word_1_37' title='bbox 939 655 1063 698; x_wconf 90' lang='lat' dir='ltr'>illum</span> <span class='ocrx_word' id='word_1_38' title='bbox 1092 671 1116 698; x_wconf 90' lang='lat' dir='ltr'>a</span> <span class='ocrx_word' id='word_1_39' title='bbox 1138 655 1274 698; x_wconf 89' lang='lat' dir='ltr'>Dario</span> <span class='ocrx_word' id='word_1_40' title='bbox 1309 655 1475 713; x_wconf 84' lang='lat' dir='ltr'>ingenti</span> <span class='ocrx_word' id='word_1_41' title='bbox 1513 655 1695 713; x_wconf 89' lang='lat' dir='ltr'>pecunia</span> 
     </span>
     <span class='ocr_line' id='line_1_7' title="bbox 335 731 1699 786; baseline -0.005 -5"><span class='ocrx_word' id='word_1_42' title='bbox 335 755 436 781; x_wconf 86' lang='lat' dir='ltr'>esse.</span> <span class='ocrx_word' id='word_1_43' title='bbox 454 757 473 777; x_wconf 73' lang='lat' dir='ltr'>n</span> <span class='ocrx_word' id='word_1_44' title='bbox 494 738 648 780; x_wconf 88' lang='lat' dir='ltr'>Tutius</span> <span class='ocrx_word' id='word_1_45' title='bbox 674 746 819 778; x_wconf 88' lang='lat' dir='ltr'>tamen</span> <span class='ocrx_word' id='word_1_46' title='bbox 839 744 902 778; x_wconf 87' lang='lat' dir='ltr'>est</span> <span class='ocrx_word' id='word_1_47' title='bbox 928 744 1066 786; x_wconf 85' lang='lat' dir='ltr'>ratus,</span> <span class='ocrx_word' id='word_1_48' title='bbox 1091 733 1232 776; x_wconf 83' lang='lat' dir='ltr'>dubiae</span> <span class='ocrx_word' id='word_1_49' title='bbox 1255 749 1298 775; x_wconf 84' lang='lat' dir='ltr'>se</span> <span class='ocrx_word' id='word_1_50' title='bbox 1321 731 1420 775; x_wconf 86' lang='lat' dir='ltr'>fidei</span> <span class='ocrx_word' id='word_1_51' title='bbox 1438 732 1594 775; x_wconf 88' lang='lat' dir='ltr'>medici</span> <span class='ocrx_word' id='word_1_52' title='bbox 1614 748 1699 775; x_wconf 89' lang='lat' dir='ltr'>cre-</span> 
     </span>
     <span class='ocr_line' id='line_1_8' title="bbox 336 812 1698 876; baseline -0.005 -16"><span class='ocrx_word' id='word_1_53' title='bbox 336 816 454 871; x_wconf 83' lang='lat' dir='ltr'>dere,</span> <span class='ocrx_word' id='word_1_54' title='bbox 480 832 609 876; x_wconf 92' lang='lat' dir='ltr'>quam</span> <span class='ocrx_word' id='word_1_55' title='bbox 637 814 882 857; x_wconf 89' lang='lat' dir='ltr'>indubitato</span> <span class='ocrx_word' id='word_1_56' title='bbox 902 814 1055 856; x_wconf 90' lang='lat' dir='ltr'>morbo</span> <span class='ocrx_word' id='word_1_57' title='bbox 1076 813 1230 872; x_wconf 89' lang='lat' dir='ltr'>perire.</span> <span class='ocrx_word' id='word_1_58' title='bbox 1251 814 1444 871; x_wconf 88' lang='lat' dir='ltr'>Accepto</span> <span class='ocrx_word' id='word_1_59' title='bbox 1462 812 1597 871; x_wconf 84' lang='lat' dir='ltr'>igitur</span> <span class='ocrx_word' id='word_1_60' title='bbox 1620 827 1698 870; x_wconf 92' lang='lat' dir='ltr'>po-</span> 
     </span>
     <span class='ocr_line' id='line_1_9' title="bbox 336 889 1699 953; baseline -0.004 -16"><span class='ocrx_word' id='word_1_61' title='bbox 336 894 456 949; x_wconf 86' lang='lat' dir='ltr'>culo,</span> <span class='ocrx_word' id='word_1_62' title='bbox 483 892 685 953; x_wconf 89' lang='lat' dir='ltr'>epistolas</span> <span class='ocrx_word' id='word_1_63' title='bbox 716 892 884 935; x_wconf 91' lang='lat' dir='ltr'>medico</span> <span class='ocrx_word' id='word_1_64' title='bbox 919 891 1117 942; x_wconf 71' lang='lat' dir='ltr'>t1=adidi13</span> <span class='ocrx_word' id='word_1_65' title='bbox 1146 900 1275 949; x_wconf 90' lang='lat' dir='ltr'>atque</span> <span class='ocrx_word' id='word_1_66' title='bbox 1311 890 1369 932; x_wconf 91' lang='lat' dir='ltr'>ita</span> <span class='ocrx_word' id='word_1_67' title='bbox 1402 891 1516 932; x_wconf 90' lang='lat' dir='ltr'>inter</span> <span class='ocrx_word' id='word_1_68' title='bbox 1550 889 1699 932; x_wconf 90' lang='lat' dir='ltr'>biben-</span> 
     </span>
     <span class='ocr_line' id='line_1_10' title="bbox 336 968 1699 1028; baseline -0.004 -12"><span class='ocrx_word' id='word_1_69' title='bbox 336 973 439 1016; x_wconf 91' lang='lat' dir='ltr'>dum</span> <span class='ocrx_word' id='word_1_70' title='bbox 478 970 626 1015; x_wconf 90' lang='lat' dir='ltr'>oculos</span> <span class='ocrx_word' id='word_1_71' title='bbox 664 972 708 1012; x_wconf 93' lang='lat' dir='ltr'>in</span> <span class='ocrx_word' id='word_1_72' title='bbox 746 969 917 1012; x_wconf 85' lang='lat' dir='ltr'>vultum</span> <span class='ocrx_word' id='word_1_73' title='bbox 953 969 1135 1028; x_wconf 85' lang='lat' dir='ltr'>legentis</span> <span class='ocrx_word' id='word_1_74' title='bbox 1163 968 1362 1011; x_wconf 87' lang='lat' dir='ltr'>intendit.</span> <span class='ocrx_word' id='word_1_75' title='bbox 1400 971 1462 1011; x_wconf 90' lang='lat' dir='ltr'>Ut</span> <span class='ocrx_word' id='word_1_76' title='bbox 1499 984 1699 1011; x_wconf 89' lang='lat' dir='ltr'>securum</span> 
     </span>
     <span class='ocr_line' id='line_1_11' title="bbox 339 1046 1701 1110; baseline -0.004 -16"><span class='ocrx_word' id='word_1_77' title='bbox 339 1051 585 1110; x_wconf 78' lang='lat' dir='ltr'>conspexit,</span> <span class='ocrx_word' id='word_1_78' title='bbox 624 1049 761 1092; x_wconf 84' lang='lat' dir='ltr'>laetior</span> <span class='ocrx_word' id='word_1_79' title='bbox 798 1048 936 1091; x_wconf 90' lang='lat' dir='ltr'>factus</span> <span class='ocrx_word' id='word_1_80' title='bbox 971 1057 1053 1102; x_wconf 87' lang='lat' dir='ltr'>est,</span> <span class='ocrx_word' id='word_1_81' title='bbox 1092 1048 1406 1105; x_wconf 89' lang='lat' dir='ltr'>sanitatemque</span> <span class='ocrx_word' id='word_1_82' title='bbox 1443 1056 1597 1105; x_wconf 86' lang='lat' dir='ltr'>quarta</span> <span class='ocrx_word' id='word_1_83' title='bbox 1634 1046 1701 1089; x_wconf 83' lang='lat' dir='ltr'>die</span> 
     </span>
     <span class='ocr_line' id='line_1_12' title="bbox 338 1129 514 1188; baseline -0.011 -16"><span class='ocrx_word' id='word_1_84' title='bbox 338 1129 514 1188; x_wconf 86' lang='lat' dir='ltr'>recepit.</span> 
     </span>
    </p>

    <p class='ocr_par' dir='ltr' id='par_1_3' title="bbox 341 1202 1747 2598">
     <span class='ocr_line' id='line_1_13' title="bbox 400 1202 1705 1264; baseline -0.003 -15"><span class='ocrx_word' id='word_1_85' title='bbox 400 1209 477 1250; x_wconf 91' lang='lat' dir='ltr'>IX.</span> <span class='ocrx_word' id='word_1_86' title='bbox 500 1208 672 1249; x_wconf 87' lang='lat' dir='ltr'>Interea</span> <span class='ocrx_word' id='word_1_87' title='bbox 696 1206 854 1249; x_wconf 87' lang='lat' dir='ltr'>Darius</span> <span class='ocrx_word' id='word_1_88' title='bbox 881 1221 980 1248; x_wconf 91' lang='lat' dir='ltr'>cum</span> <span class='ocrx_word' id='word_1_89' title='bbox 1006 1203 1333 1264; x_wconf 81' lang='lat' dir='ltr'>quadringentis</span> <span class='ocrx_word' id='word_1_90' title='bbox 1365 1202 1555 1246; x_wconf 90' lang='lat' dir='ltr'>millibus</span> <span class='ocrx_word' id='word_1_91' title='bbox 1581 1202 1705 1262; x_wconf 78' lang='lat' dir='ltr'>pedi-</span> 
     </span>
     <span class='ocr_line' id='line_1_14' title="bbox 341 1282 1702 1343; baseline -0.002 -16"><span class='ocrx_word' id='word_1_92' title='bbox 341 1294 450 1340; x_wconf 87' lang='lat' dir='ltr'>turn,</span> <span class='ocrx_word' id='word_1_93' title='bbox 487 1300 535 1327; x_wconf 86' lang='lat' dir='ltr'>ac</span> <span class='ocrx_word' id='word_1_94' title='bbox 574 1294 749 1327; x_wconf 90' lang='lat' dir='ltr'>centum</span> <span class='ocrx_word' id='word_1_95' title='bbox 787 1283 975 1326; x_wconf 85' lang='lat' dir='ltr'>millibus</span> <span class='ocrx_word' id='word_1_96' title='bbox 1008 1285 1202 1343; x_wconf 87' lang='lat' dir='ltr'>equitum</span> <span class='ocrx_word' id='word_1_97' title='bbox 1237 1284 1280 1325; x_wconf 90' lang='lat' dir='ltr'>in</span> <span class='ocrx_word' id='word_1_98' title='bbox 1317 1284 1452 1325; x_wconf 89' lang='lat' dir='ltr'>aciem</span> <span class='ocrx_word' id='word_1_99' title='bbox 1489 1282 1702 1342; x_wconf 88' lang='lat' dir='ltr'>procedit.</span> 
     </span>
     <span class='ocr_line' id='line_1_15' title="bbox 341 1361 1747 1421; baseline -0.001 -16"><span class='ocrx_word' id='word_1_100' title='bbox 341 1363 547 1406; x_wconf 90' lang='lat' dir='ltr'>Movebat</span> <span class='ocrx_word' id='word_1_101' title='bbox 580 1363 671 1406; x_wconf 87' lang='lat' dir='ltr'>haec</span> <span class='ocrx_word' id='word_1_102' title='bbox 709 1361 947 1405; x_wconf 92' lang='lat' dir='ltr'>multitudo</span> <span class='ocrx_word' id='word_1_103' title='bbox 990 1363 1202 1417; x_wconf 86' lang='lat' dir='ltr'>hostium,</span> <span class='ocrx_word' id='word_1_104' title='bbox 1237 1371 1437 1421; x_wconf 89' lang='lat' dir='ltr'>respectu</span> <span class='ocrx_word' id='word_1_105' title='bbox 1475 1362 1706 1421; x_wconf 85' lang='lat' dir='ltr'>paucitatis</span> <span class='ocrx_word' id='word_1_106' title='bbox 1744 1403 1747 1404; x_wconf 13' lang='grc' dir='ltr'><em>γ</em></span> 
     </span>
     <span class='ocr_line' id='line_1_16' title="bbox 341 1440 1706 1500; baseline -0.001 -16"><span class='ocrx_word' id='word_1_107' title='bbox 341 1458 447 1496; x_wconf 87' lang='lat' dir='ltr'>suae,</span> <span class='ocrx_word' id='word_1_108' title='bbox 482 1440 782 1484; x_wconf 86' lang='lat' dir='ltr'>Alexandrum</span> <span class='ocrx_word' id='word_1_109' title='bbox 818 1458 826 1482; x_wconf 88' lang='lat'><strong>:</strong></span> <span class='ocrx_word' id='word_1_110' title='bbox 859 1441 933 1483; x_wconf 93' lang='lat' dir='ltr'>sed</span> <span class='ocrx_word' id='word_1_111' title='bbox 974 1441 1192 1483; x_wconf 90' lang='lat' dir='ltr'>interdum</span> <span class='ocrx_word' id='word_1_112' title='bbox 1229 1441 1481 1500; x_wconf 89' lang='lat' dir='ltr'>reputabat,</span> <span class='ocrx_word' id='word_1_113' title='bbox 1525 1448 1706 1499; x_wconf 83' lang='lat' dir='ltr'>quantas</span> 
     </span>
     <span class='ocr_line' id='line_1_17' title="bbox 342 1518 1709 1579; baseline 0 -18"><span class='ocrx_word' id='word_1_114' title='bbox 342 1536 407 1562; x_wconf 85' lang='lat' dir='ltr'>res</span> <span class='ocrx_word' id='word_1_115' title='bbox 436 1536 535 1562; x_wconf 90' lang='lat' dir='ltr'>curn</span> <span class='ocrx_word' id='word_1_116' title='bbox 560 1521 641 1561; x_wconf 89' lang='lat' dir='ltr'>ista</span> <span class='ocrx_word' id='word_1_117' title='bbox 667 1520 885 1578; x_wconf 84' lang='lat' dir='ltr'>paucitate</span> <span class='ocrx_word' id='word_1_118' title='bbox 911 1520 1126 1579; x_wconf 86' lang='lat' dir='ltr'>gessisset,</span> <span class='ocrx_word' id='word_1_119' title='bbox 1151 1529 1422 1577; x_wconf 90' lang='lat' dir='ltr'>quantosque</span> <span class='ocrx_word' id='word_1_120' title='bbox 1443 1518 1627 1578; x_wconf 88' lang='lat' dir='ltr'>populos</span> <span class='ocrx_word' id='word_1_121' title='bbox 1647 1518 1709 1561; x_wconf 90' lang='lat' dir='ltr'>fu-</span> 
     </span>
     <span class='ocr_line' id='line_1_18' title="bbox 343 1596 1708 1656; baseline 0 -16"><span class='ocrx_word' id='word_1_122' title='bbox 343 1599 487 1641; x_wconf 86' lang='lat' dir='ltr'>disset.</span> <span class='ocrx_word' id='word_1_123' title='bbox 522 1599 676 1656; x_wconf 88' lang='lat' dir='ltr'>Itaque</span> <span class='ocrx_word' id='word_1_124' title='bbox 700 1612 835 1656; x_wconf 90' lang='lat' dir='ltr'>quum</span> <span class='ocrx_word' id='word_1_125' title='bbox 861 1613 956 1656; x_wconf 89' lang='lat' dir='ltr'>spes</span> <span class='ocrx_word' id='word_1_126' title='bbox 985 1607 1151 1639; x_wconf 88' lang='lat' dir='ltr'>metum</span> <span class='ocrx_word' id='word_1_127' title='bbox 1175 1598 1389 1651; x_wconf 72' lang='lat' dir='ltr'>vinceret,</span> <span class='ocrx_word' id='word_1_128' title='bbox 1424 1596 1708 1656; x_wconf 85' lang='lat' dir='ltr'>periculosius</span> 
     </span>
     <span class='ocr_line' id='line_1_19' title="bbox 344 1674 1712 1735; baseline 0 -17"><span class='ocrx_word' id='word_1_129' title='bbox 344 1675 517 1719; x_wconf 88' lang='lat' dir='ltr'>differre</span> <span class='ocrx_word' id='word_1_130' title='bbox 542 1674 706 1718; x_wconf 91' lang='lat' dir='ltr'>bellum</span> <span class='ocrx_word' id='word_1_131' title='bbox 734 1685 875 1730; x_wconf 87' lang='lat' dir='ltr'>ratus,</span> <span class='ocrx_word' id='word_1_132' title='bbox 903 1692 957 1718; x_wconf 93' lang='lat' dir='ltr'>ne</span> <span class='ocrx_word' id='word_1_133' title='bbox 984 1675 1228 1735; x_wconf 87' lang='lat' dir='ltr'>desperatio</span> <span class='ocrx_word' id='word_1_134' title='bbox 1261 1677 1347 1718; x_wconf 91' lang='lat' dir='ltr'>suis</span> <span class='ocrx_word' id='word_1_135' title='bbox 1374 1685 1610 1731; x_wconf 84' lang='lat' dir='ltr'>cresceret,</span> <span class='ocrx_word' id='word_1_136' title='bbox 1635 1676 1712 1718; x_wconf 84' lang='lat' dir='ltr'>cir-</span> 
     </span>
     <span class='ocr_line' id='line_1_20' title="bbox 344 1753 1711 1814; baseline 0.001 -17"><span class='ocrx_word' id='word_1_137' title='bbox 344 1765 594 1797; x_wconf 85' lang='lat' dir='ltr'>cumvectus</span> <span class='ocrx_word' id='word_1_138' title='bbox 625 1771 750 1809; x_wconf 88' lang='lat' dir='ltr'>suos,</span> <span class='ocrx_word' id='word_1_139' title='bbox 779 1753 969 1814; x_wconf 82' lang='lat' dir='ltr'>singulas</span> <span class='ocrx_word' id='word_1_140' title='bbox 1002 1764 1148 1814; x_wconf 85' lang='lat' dir='ltr'>gentes</span> <span class='ocrx_word' id='word_1_141' title='bbox 1181 1754 1350 1798; x_wconf 87' lang='lat' dir='ltr'>diversa</span> <span class='ocrx_word' id='word_1_142' title='bbox 1382 1756 1576 1798; x_wconf 88' lang='lat' dir='ltr'>oratione</span> <span class='ocrx_word' id='word_1_143' title='bbox 1607 1753 1711 1798; x_wconf 87' lang='lat' dir='ltr'>allo-</span> 
     </span>
     <span class='ocr_line' id='line_1_21' title="bbox 345 1833 1713 1893; baseline 0 -16"><span class='ocrx_word' id='word_1_144' title='bbox 345 1836 506 1893; x_wconf 86' lang='lat' dir='ltr'>quitur.</span> <span class='ocrx_word' id='word_1_145' title='bbox 535 1833 706 1893; x_wconf 74' lang='lat' dir='ltr'>Illyrios</span> <span class='ocrx_word' id='word_1_146' title='bbox 730 1843 772 1876; x_wconf 87' lang='lat' dir='ltr'>et</span> <span class='ocrx_word' id='word_1_147' title='bbox 798 1834 986 1876; x_wconf 88' lang='lat' dir='ltr'>Thracas</span> <span class='ocrx_word' id='word_1_148' title='bbox 1013 1850 1146 1893; x_wconf 89' lang='lat' dir='ltr'>opum</span> <span class='ocrx_word' id='word_1_149' title='bbox 1173 1851 1222 1877; x_wconf 91' lang='lat' dir='ltr'>ac</span> <span class='ocrx_word' id='word_1_150' title='bbox 1250 1834 1500 1877; x_wconf 89' lang='lat' dir='ltr'>divitiarum</span> <span class='ocrx_word' id='word_1_151' title='bbox 1523 1844 1713 1878; x_wconf 87' lang='lat' dir='ltr'>ostenta-</span> 
     </span>
     <span class='ocr_line' id='line_1_22' title="bbox 348 1911 1713 1966; baseline 0 -11"><span class='ocrx_word' id='word_1_152' title='bbox 348 1914 483 1966; x_wconf 82' lang='lat' dir='ltr'>tione3</span> <span class='ocrx_word' id='word_1_153' title='bbox 507 1913 684 1955; x_wconf 81' lang='lat' dir='ltr'>Graecos</span> <span class='ocrx_word' id='word_1_154' title='bbox 713 1922 909 1955; x_wconf 88' lang='lat' dir='ltr'>veterum</span> <span class='ocrx_word' id='word_1_155' title='bbox 935 1911 1150 1954; x_wconf 89' lang='lat' dir='ltr'>bellorum</span> <span class='ocrx_word' id='word_1_156' title='bbox 1183 1913 1411 1966; x_wconf 85' lang='lat' dir='ltr'>memoria,</span> <span class='ocrx_word' id='word_1_157' title='bbox 1439 1913 1713 1955; x_wconf 73' lang='lat' dir='ltr'>internecivi-</span> 
     </span>
     <span class='ocr_line' id='line_1_23' title="bbox 348 1990 1713 2049; baseline 0 -16"><span class='ocrx_word' id='word_1_158' title='bbox 348 2007 429 2049; x_wconf 85' lang='lat' dir='ltr'>que</span> <span class='ocrx_word' id='word_1_159' title='bbox 444 2007 543 2033; x_wconf 89' lang='lat' dir='ltr'>cum</span> <span class='ocrx_word' id='word_1_160' title='bbox 558 1991 698 2033; x_wconf 88' lang='lat' dir='ltr'>Persis</span> <span class='ocrx_word' id='word_1_161' title='bbox 725 1990 831 2044; x_wconf 90' lang='lat' dir='ltr'>odii,</span> <span class='ocrx_word' id='word_1_162' title='bbox 851 1990 1115 2033; x_wconf 88' lang='lat' dir='ltr'>accendebat</span> <span class='ocrx_word' id='word_1_163' title='bbox 1131 2008 1138 2032; x_wconf 92' lang='lat'>:</span> <span class='ocrx_word' id='word_1_164' title='bbox 1156 1990 1419 2033; x_wconf 88' lang='lat' dir='ltr'>Macedones</span> <span class='ocrx_word' id='word_1_165' title='bbox 1435 2000 1580 2033; x_wconf 87' lang='lat' dir='ltr'>autem</span> <span class='ocrx_word' id='word_1_166' title='bbox 1595 2007 1713 2034; x_wconf 88' lang='lat' dir='ltr'>nunc</span> 
     </span>
     <span class='ocr_line' id='line_1_24' title="bbox 349 2068 1715 2128; baseline 0.001 -17"><span class='ocrx_word' id='word_1_167' title='bbox 349 2071 534 2128; x_wconf 77' lang='lat' dir='ltr'>Europae</span> <span class='ocrx_word' id='word_1_168' title='bbox 554 2070 679 2111; x_wconf 78' lang='lat' dir='ltr'>victae</span> <span class='ocrx_word' id='word_1_169' title='bbox 704 2068 927 2123; x_wconf 86' lang='lat' dir='ltr'>admonet,</span> <span class='ocrx_word' id='word_1_170' title='bbox 956 2085 1072 2111; x_wconf 90' lang='lat' dir='ltr'>nunc</span> <span class='ocrx_word' id='word_1_171' title='bbox 1100 2070 1209 2112; x_wconf 89' lang='lat' dir='ltr'>Asiae</span> <span class='ocrx_word' id='word_1_172' title='bbox 1231 2071 1453 2128; x_wconf 67' lang='lat' dir='ltr'>expetitae,</span> <span class='ocrx_word' id='word_1_173' title='bbox 1468 2085 1547 2112; x_wconf 85' lang='lat' dir='ltr'>nce</span> <span class='ocrx_word' id='word_1_174' title='bbox 1568 2071 1715 2112; x_wconf 89' lang='lat' dir='ltr'>inven-</span> 
     </span>
     <span class='ocr_line' id='line_1_25' title="bbox 350 2146 1714 2207; baseline 0.001 -18"><span class='ocrx_word' id='word_1_175' title='bbox 350 2158 413 2190; x_wconf 81' lang='lat' dir='ltr'>tas</span> <span class='ocrx_word' id='word_1_176' title='bbox 439 2146 522 2189; x_wconf 89' lang='lat' dir='ltr'>illis</span> <span class='ocrx_word' id='word_1_177' title='bbox 550 2157 643 2189; x_wconf 88' lang='lat' dir='ltr'>toto</span> <span class='ocrx_word' id='word_1_178' title='bbox 668 2147 772 2189; x_wconf 91' lang='lat' dir='ltr'>orbe</span> <span class='ocrx_word' id='word_1_179' title='bbox 807 2163 930 2206; x_wconf 89' lang='lat' dir='ltr'>pares</span> <span class='ocrx_word' id='word_1_180' title='bbox 960 2148 1072 2189; x_wconf 76' lang='lat' dir='ltr'>vires</span> <span class='ocrx_word' id='word_1_181' title='bbox 1099 2146 1321 2207; x_wconf 87' lang='lat' dir='ltr'>gloriatur.</span> <span class='ocrx_word' id='word_1_182' title='bbox 1351 2149 1559 2190; x_wconf 88' lang='lat' dir='ltr'>Ceterum</span> <span class='ocrx_word' id='word_1_183' title='bbox 1588 2158 1630 2190; x_wconf 89' lang='lat' dir='ltr'>et</span> <span class='ocrx_word' id='word_1_184' title='bbox 1653 2147 1714 2191; x_wconf 86' lang='lat' dir='ltr'>la-</span> 
     </span>
     <span class='ocr_line' id='line_1_26' title="bbox 351 2224 1716 2284; baseline 0.001 -17"><span class='ocrx_word' id='word_1_185' title='bbox 351 2227 505 2268; x_wconf 84' lang='lat' dir='ltr'>borum</span> <span class='ocrx_word' id='word_1_186' title='bbox 531 2225 660 2268; x_wconf 88' lang='lat' dir='ltr'>finem</span> <span class='ocrx_word' id='word_1_187' title='bbox 684 2225 821 2280; x_wconf 86' lang='lat' dir='ltr'>hunc,</span> <span class='ocrx_word' id='word_1_188' title='bbox 843 2235 885 2267; x_wconf 89' lang='lat' dir='ltr'>et</span> <span class='ocrx_word' id='word_1_189' title='bbox 904 2224 1049 2284; x_wconf 79' lang='lat' dir='ltr'>gloriae</span> <span class='ocrx_word' id='word_1_190' title='bbox 1074 2225 1298 2268; x_wconf 86' lang='lat' dir='ltr'>cumulum</span> <span class='ocrx_word' id='word_1_191' title='bbox 1322 2225 1425 2268; x_wconf 85' lang='lat' dir='ltr'>fore.</span> <span class='ocrx_word' id='word_1_192' title='bbox 1447 2228 1589 2284; x_wconf 79' lang='lat' dir='ltr'>Atque</span> <span class='ocrx_word' id='word_1_193' title='bbox 1604 2227 1716 2269; x_wconf 87' lang='lat' dir='ltr'>inter</span> 
     </span>
     <span class='ocr_line' id='line_1_27' title="bbox 351 2303 1716 2362; baseline 0.001 -16"><span class='ocrx_word' id='word_1_194' title='bbox 351 2305 440 2347; x_wconf 87' lang='lat' dir='ltr'>haec</span> <span class='ocrx_word' id='word_1_195' title='bbox 460 2303 696 2346; x_wconf 89' lang='lat' dir='ltr'>identidem</span> <span class='ocrx_word' id='word_1_196' title='bbox 715 2305 950 2346; x_wconf 90' lang='lat' dir='ltr'>consistere</span> <span class='ocrx_word' id='word_1_197' title='bbox 976 2305 1110 2346; x_wconf 88' lang='lat' dir='ltr'>aciem</span> <span class='ocrx_word' id='word_1_198' title='bbox 1131 2304 1274 2362; x_wconf 89' lang='lat' dir='ltr'>jubet,</span> <span class='ocrx_word' id='word_1_199' title='bbox 1298 2313 1345 2346; x_wconf 77' lang='lat' dir='ltr'>ut</span> <span class='ocrx_word' id='word_1_200' title='bbox 1366 2304 1446 2346; x_wconf 85' lang='lat' dir='ltr'>hac</span> <span class='ocrx_word' id='word_1_201' title='bbox 1470 2320 1592 2347; x_wconf 87' lang='lat' dir='ltr'>mora</span> <span class='ocrx_word' id='word_1_202' title='bbox 1616 2321 1716 2348; x_wconf 90' lang='lat' dir='ltr'>con-</span> 
     </span>
     <span class='ocr_line' id='line_1_28' title="bbox 353 2382 1717 2427; baseline 0.001 -2"><span class='ocrx_word' id='word_1_203' title='bbox 353 2393 555 2425; x_wconf 86' lang='lat' dir='ltr'>suescant</span> <span class='ocrx_word' id='word_1_204' title='bbox 593 2382 728 2425; x_wconf 87' lang='lat' dir='ltr'>oculis</span> <span class='ocrx_word' id='word_1_205' title='bbox 763 2383 935 2425; x_wconf 84' lang='lat' dir='ltr'>turham</span> <span class='ocrx_word' id='word_1_206' title='bbox 974 2382 1164 2425; x_wconf 87' lang='lat' dir='ltr'>hostium</span> <span class='ocrx_word' id='word_1_207' title='bbox 1201 2383 1423 2425; x_wconf 88' lang='lat' dir='ltr'>sustinere.</span> <span class='ocrx_word' id='word_1_208' title='bbox 1463 2384 1555 2426; x_wconf 87' lang='lat' dir='ltr'>Nec</span> <span class='ocrx_word' id='word_1_209' title='bbox 1596 2385 1717 2427; x_wconf 82' lang='lat' dir='ltr'>Darii</span> 
     </span>
     <span class='ocr_line' id='line_1_29' title="bbox 355 2459 1718 2521; baseline 0.002 -19"><span class='ocrx_word' id='word_1_210' title='bbox 355 2461 495 2520; x_wconf 84' lang='lat' dir='ltr'>segnis</span> <span class='ocrx_word' id='word_1_211' title='bbox 521 2477 652 2519; x_wconf 88' lang='lat' dir='ltr'>opera</span> <span class='ocrx_word' id='word_1_212' title='bbox 688 2461 731 2502; x_wconf 89' lang='lat' dir='ltr'>in</span> <span class='ocrx_word' id='word_1_213' title='bbox 769 2459 1006 2502; x_wconf 89' lang='lat' dir='ltr'>ordinanda</span> <span class='ocrx_word' id='word_1_214' title='bbox 1042 2461 1132 2502; x_wconf 80' lang='lat' dir='ltr'>acie</span> <span class='ocrx_word' id='word_1_215' title='bbox 1156 2459 1304 2503; x_wconf 78' lang='lat' dir='ltr'>defuit.</span> <span class='ocrx_word' id='word_1_216' title='bbox 1341 2462 1517 2521; x_wconf 81' lang='lat' dir='ltr'>Quippe</span> <span class='ocrx_word' id='word_1_217' title='bbox 1553 2463 1718 2506; x_wconf 88' lang='lat' dir='ltr'>omissis</span> 
     </span>
     <span class='ocr_line' id='line_1_30' title="bbox 356 2537 1718 2598; baseline 0.003 -19"><span class='ocrx_word' id='word_1_218' title='bbox 356 2538 514 2581; x_wconf 87' lang='lat' dir='ltr'>ducum</span> <span class='ocrx_word' id='word_1_219' title='bbox 552 2537 724 2592; x_wconf 85' lang='lat' dir='ltr'>officiis,</span> <span class='ocrx_word' id='word_1_220' title='bbox 748 2539 838 2597; x_wconf 88' lang='lat' dir='ltr'>ipse</span> <span class='ocrx_word' id='word_1_221' title='bbox 866 2540 1011 2581; x_wconf 84' lang='lat' dir='ltr'>omnia</span> <span class='ocrx_word' id='word_1_222' title='bbox 1036 2539 1263 2582; x_wconf 84' lang='lat' dir='ltr'>circumire</span> <span class='ocrx_word' id='word_1_223' title='bbox 1280 2573 1290 2593; x_wconf 89' lang='lat'>,</span> <span class='ocrx_word' id='word_1_224' title='bbox 1317 2538 1506 2598; x_wconf 84' lang='lat' dir='ltr'>singulos</span> <span class='ocrx_word' id='word_1_225' title='bbox 1533 2540 1718 2595; x_wconf 89' lang='lat' dir='ltr'>hortari,</span> 
     </span>
    </p>
   </div>
   <div class='ocr_carea' id='block_1_3' title="bbox 360 2613 1719 2677">
    <p class='ocr_par' dir='ltr' id='par_1_4' title="bbox 360 2613 1719 2677">
     <span class='ocr_line' id='line_1_31' title="bbox 360 2613 1719 2677; baseline 0.004 -19"><span class='ocrx_word' id='word_1_226' title='bbox 360 2616 513 2658; x_wconf 67' lang='lat' dir='ltr'>veteris</span> <span class='ocrx_word' id='word_1_227' title='bbox 552 2613 697 2675; x_wconf 86' lang='lat' dir='ltr'>gloriae</span> <span class='ocrx_word' id='word_1_228' title='bbox 731 2618 984 2667; x_wconf 79' lang='lat' dir='ltr'>Persarum,</span> <span class='ocrx_word' id='word_1_229' title='bbox 1032 2619 1287 2677; x_wconf 81' lang='lat' dir='ltr'>imperiique</span> <span class='ocrx_word' id='word_1_230' title='bbox 1325 2627 1541 2676; x_wconf 86' lang='lat' dir='ltr'>perpetuae</span> <span class='ocrx_word' id='word_1_231' title='bbox 1578 2636 1598 2663; x_wconf 78' lang='lat' dir='ltr'>a</span> <span class='ocrx_word' id='word_1_232' title='bbox 1642 2621 1719 2664; x_wconf 82' lang='lat' dir='ltr'>‹liis</span> 
     </span>
    </p>
   </div>
  </div>
 </body>
</html>
