1783 3282
276 259 350 297 224
740 254 888 289 NOTAE
915 254 967 288 IN
996 254 1188 289 JUSTINI

277 352 319 382 x,
341 342 386 379 24
399 364 408 381 ,
436 350 482 371 ex
502 336 652 371 Catonis
674 337 909 384 Originibus,
927 335 1090 370 Annibal
1110 336 1472 384 Carthaginiensium
1490 336 1529 371 in
1551 339 1654 374 Italia

278 400 353 433 dux
378 399 511 434 dicitur
533 399 709 433 Dictator.
731 398 850 434 Simili
871 397 1034 438 ratione,
1053 396 1220 440 Curtius,
1238 410 1282 440 v,
1308 410 1328 432 2
1342 425 1351 442 ‚
1369 405 1405 433 et
1429 406 1576 442 noster,
1596 412 1654 433 su-

277 473 362 507 pra,
383 473 436 504 11,
464 472 484 494 2
497 488 506 504 ‚
528 461 747 495 Proetorium
765 458 982 500 nominant,
1007 463 1041 490 et
1064 456 1181 499 infra,
1194 470 1311 501 XXXI,
1332 471 1372 502 2,
1398 460 1602 495 Consulem.

338 522 531 570 Triumphi
557 529 722 569 quatuor.
756 521 864 553 More
900 520 1182 562 Romanorum,
1210 519 1269 553 vel
1293 520 1416 566 potius
1441 523 1645 556 Poenorum

278 584 425 619 Servius
451 582 571 626 enim,
596 582 644 617 ad
662 582 766 616 illum
783 591 931 614 versum
950 579 1016 623 37,
1038 580 1183 614 AEneid.
1196 606 1208 623 ‚
1238 592 1280 614 1v
1299 593 1308 614 :

510 678 723 714 Ductoresque
737 672 789 703 alii
804 682 880 713 quos
893 670 1000 702 Africa
1015 677 1097 702 terra
1110 670 1276 712 triumphis

511 729 604 760 Dives
620 728 674 759 alit
678 752 859 759 ......

281 853 295 869 α
312 836 494 880 Quidam,
526 833 668 880 inquit,
702 832 828 868 dicunt
859 831 972 867 Afros
1002 843 1194 879 nunquam
1219 831 1492 878 triumphasse:
1521 832 1658 869 Plinius

279 905 422 940 autem,
450 896 542 930 Hist.
569 896 678 937 Nat„
704 907 756 936 11,
788 900 823 928 et
852 895 979 939 Pomp.
1010 894 1154 940 Trogus
1186 892 1293 927 Afros
1328 893 1455 928 dicunt
1481 907 1659 942 pompam

280 958 457 1005 triumphi
487 957 628 1003 primos
649 954 855 998 invenisse,
876 966 986 1001 quam
1011 953 1084 988 sibi
1102 953 1265 988 Romani
1283 961 1411 1000 postea
1438 955 1659 991 vindicave—

279 1026 376 1054 runt.
392 1018 500 1053 Livio
514 1024 636 1052 autem
655 1015 888 1051 Andronicus
902 1015 1016 1050 refert
1037 1027 1099 1049 eos
1113 1014 1245 1061 saepius
1265 1015 1310 1049 de
1328 1015 1508 1051 Romanis
1528 1017 1661 1052 trium-

281 1082 430 1127 phasse,
450 1091 602 1126 suasque
620 1078 785 1125 porticus
808 1076 986 1113 Romanis
1008 1077 1136 1124 spoliis
1160 1077 1370 1112 adornasse.
1390 1093 1404 1108 »

333 1143 415 1177 Cn.
435 1142 485 1176 II.
509 1141 726 1175 Himilcone.
753 1140 823 1175 Vel
849 1139 982 1174 rectius
1006 1139 1188 1173 Imilcone
1206 1152 1217 1172 .·
1236 1138 1408 1174 Diodoro
1432 1140 1553 1185 enim,
1576 1154 1662 1185 xiv,

282 1204 348 1249 51,
367 1203 519 1254 Ῐμῑῃωη,
537 1203 683 1250 hocque
701 1214 842 1237 nomen
868 1201 985 1236 oritur
1016 1200 1064 1235 ab
1084 1219 1104 1239 α
1130 1212 1250 1247 augm.
1276 1207 1311 1235 et
1336 1208 1486 1251 μειλίχιος
1512 1203 1573 1237 vel
1598 1206 1662 1252 uel.-

280 1277 382 1315 λιχος,
399 1264 607 1308 Milichius‚
625 1261 842 1307 mellifluus,
871 1262 973 1310 quod
995 1269 1048 1298 est
1070 1263 1091 1296 J
1095 1261 1174 1297 ovis
1198 1261 1412 1308 epithetum.

336 1328 529 1361 Hannone.
545 1327 685 1361 Forsan
699 1337 769 1372 pro
782 1327 960 1366 Annum,
976 1324 1023 1359 ab
1038 1343 1059 1362 α
1072 1331 1108 1359 et
1120 1330 1215 1371 part.
1227 1323 1333 1359 verbi
1343 1331 1418 1363 νοέω
1428 1357 1436 1371 ,
1448 1325 1590 1373 cogito,
1601 1326 1663 1360 in-

283 1389 427 1435 telligo,
453 1394 576 1423 mente
602 1387 777 1434 praeditus
802 1385 1006 1429 sum,sicut
1025 1385 1078 1420 dii
1099 1392 1214 1435 Λόγος,
1239 1386 1413 1430 verbum,
1432 1387 1546 1430 ratio,
1569 1395 1665 1431 Νοῦς,

282 1462 403 1493 mens,
429 1456 463 1484 et
489 1447 620 1499 Ᾰλογρς,
642 1447 797 1482 rationis
821 1459 972 1494 expers,
997 1446 1182 1481 rationem
1204 1447 1346 1481 nullam
1371 1447 1531 1491 habens,
1555 1455 1664 1494 prout

284 1531 304 1549 a.
327 1518 379 1545 est
397 1510 492 1557 priv.
515 1517 576 1545 aut
599 1521 718 1556 augm.
743 1509 850 1543 Gisco
869 1520 959 1542 vero
978 1508 1038 1542 vel
1060 1508 1211 1550 Gzssrcon,
1234 1508 1281 1542 ab
1303 1511 1420 1557 ἰσχύω,
1439 1509 1563 1552 valeo,
1586 1522 1665 1543 sum

282 1571 814 1617 validus,robustus,potens,
832 1575 935 1618 ἰσχύς,
957 1569 1091 1611 robur,
1112 1575 1150 1603 ut
1162 1576 1243 1619 γαῖα
1257 1576 1292 1604 et
1320 1570 1395 1615 αἶα,
1424 1576 1542 1614 terra,
1569 1577 1667 1620 'TC-³203

283 1640 317 1667 et
337 1639 429 1678 ίννάς,
451 1633 572 1679 pullus
596 1644 641 1666 ex
661 1644 756 1678 equa
776 1638 811 1665 et
830 1630 955 1674 asino,
980 1637 1041 1664 aut
1069 1642 1114 1664 ex
1136 1642 1232 1677 equo
1252 1637 1288 1665 et
1306 1630 1426 1675 asina,
1446 1638 1513 1666 etc.

336 1694 510 1728 Annibal.
541 1693 679 1727 Graecis
713 1693 870 1737 Ᾰννί-ἒας,
905 1692 952 1726 ab
987 1711 1007 1730 α
1043 1704 1162 1739 augm.
1185 1698 1221 1726 et
1244 1697 1330 1741 ψὴφω
1345 1724 1353 1738 ‚
1378 1692 1542 1739 prudens
1567 1704 1667 1735 sum,

282 1755 418 1802 vigilo,
439 1755 499 1789 vel
525 1767 569 1789 ex
595 1758 724 1799 «ἔπεος,
749 1753 937 1799 impubes,
962 1755 1109 1799 ἀνῃὲάω,
1129 1752 1341 1799 juvenesco.
1369 1753 1543 1788 Amilcari
1568 1753 1667 1788 enim

283 1816 380 1863 patri
406 1828 506 1850 sacra
529 1815 680 1850 facienti
698 1815 865 1849 Annibal
886 1827 980 1861 puer
1001 1814 1049 1849 ad
1068 1827 1169 1849 aram
1188 1815 1308 1850 stabat
1331 1827 1395 1850 ceu
1421 1815 1613 1858 Camillus,
1632 1822 1668 1850 et

284 1879 381 1911 hunc
404 1878 442 1912 in
461 1878 615 1912 modum
635 1877 674 1911 in
694 1877 869 1912 corneola
893 1877 1020 1911 Ursini
1038 1884 1186 1923 reperta
1204 1890 1323 1924 prope
1343 1878 1461 1911 lacum
1479 1876 1666 1911 Trasime-

284 1952 391 1981 num,
412 1938 617 1973 exhibetur.
651 1939 741 1972 Vide
759 1950 879 1972 meam
892 1945 1021 1972 notam
1040 1938 1079 1972 in
1100 1938 1327 1972 Annibalem
1349 1939 1386 1973 C.
1408 1938 1613 1984 Nepotis,c.
1631 1950 1664 1972 2.

339 2000 505 2047 Sappho.
534 1999 775 2046 Sapphonem
801 1999 864 2032 alii
885 2005 1054 2033 auctores
1067 2011 1146 2034 non
1167 2006 1319 2033 norunt.
1340 1999 1381 2032 In
1402 2011 1487 2033 mss.
1504 2006 1582 2032 erat
1598 1999 1668 2033 Sa-

282 2062 374 2109 pho.
398 2063 444 2096 Is.
461 2061 613 2096 Vossius
626 2088 635 2104 ‚
650 2061 709 2095 cui
730 2061 803 2095 hoc
825 2073 965 2095 nomen
982 2060 1160 2095 Punicum
1180 2067 1254 2104 est,
1273 2059 1433 2105 conjecit
1452 2067 1667 2107 corruptum

287 2136 386 2165 esse,
414 2122 641 2169 corrigitque
668 2122 836 2169 Psaplzo.
866 2121 961 2155 Mihi
988 2133 1146 2168 graecum
1177 2129 1249 2164 est,
1282 2121 1472 2168 oriturque
1499 2134 1520 2155 a
1545 2129 1669 2172 σαφέω,

286 2184 501 2226 manifesto,
526 2183 695 2227 declaro,
723 2190 843 2233 σαφής,
863 2183 1097 2226 manifestus,
1122 2184 1182 2218 vel
1206 2190 1357 2218 econtra
1383 2196 1403 2217 a
1429 2189 1536 2233 ψέφος,
1563 2191 1660 2218 tene—

287 2245 381 2289 brae,
397 2244 670 2288 tenebricosus,
692 2251 777 2295 φέρω
790 2277 797 2287 ,
820 2245 1028 2279 molestiam
1047 2244 1164 2279 affero
1184 2257 1246 2279 seu
1269 2245 1411 2292 patior,
1432 2252 1493 2279 aut
1506 2258 1527 2279 a
1540 2251 1670 2295 ψηῳάω,

288 2308 445 2342 calculos
470 2306 656 2350 subduco,
676 2306 900 2349 ratiocinor,
922 2312 1033 2355 ψῆφςς,
1047 2306 1212 2352 lapillus,
1236 2307 1405 2340 calculus.
1430 2307 1512 2341 Hoc
1530 2319 1667 2342 nomen

288 2368 327 2401 in
351 2368 472 2402 Africa
498 2369 756 2414 pervulgatum
785 2374 871 2402 erat.
897 2367 1054 2414 Psapho
1080 2367 1179 2402 enim
1204 2367 1261 2401 vir
1284 2367 1435 2414 quidam
1459 2374 1536 2402 erat
1555 2368 1593 2401 in
1606 2368 1666 2402 Li-

289 2430 380 2475 bya,
400 2430 461 2476 qui
486 2430 690 2465 divinitatis
717 2429 936 2476 opinionem
965 2429 1156 2471 affectans,
1179 2428 1468 2476 quamplurimas
1492 2441 1576 2463 aves
1605 2442 1669 2464 ce-

289 2491 342 2537 pit
364 2492 529 2534 vocales‚
549 2499 584 2526 et
605 2490 758 2525 humani
785 2490 965 2524 sermonis
989 2490 1145 2534 dociles,
1167 2502 1256 2536 quas
1281 2489 1407 2524 docuit
1438 2501 1570 2524 sonare
1595 2490 1670 2523 haec

289 2552 403 2586 verba
424 2565 432 2585 :
457 2559 556 2602 μέγας
575 2560 638 2595 θεὸς
657 2559 796 2601 Ψάφων,
817 2551 855 2585 id
876 2559 945 2595 est,
966 2564 1121 2599 magnus
1144 2552 1234 2586 deus
1264 2550 1448 2597 Psaphon
1461 2564 1472 2584 :
1489 2557 1598 2596 atque
1620 2550 1667 2584 ita

289 2613 416 2648 doctas
437 2614 557 2648 emisit
581 2614 619 2647 in
643 2620 801 2647 montes.
823 2616 866 2647 At
887 2613 957 2646 illae
983 2626 1062 2659 (111ae
1082 2612 1290 2647 didicerant
1315 2612 1515 2653 canebant,
1544 2623 1585 2644 ac
1606 2623 1669 2645 re-

290 2675 406 2720 liquas
431 2674 507 2720 jam
535 2688 619 2709 aves
635 2686 766 2709 sonare
787 2674 982 2708 docebant.
1005 2676 1123 2708 Porro
1147 2673 1301 2720 Libyes,
1322 2684 1435 2719 quum
1453 2671 1670 2717 ignorarent
