1783 3282
497 257 842 290 HISTORIARUM
871 259 960 292 LIB.
985 260 1046 292 XI.
1389 272 1429 295 10
1437 272 1451 294 1

96 339 412 384 immortalibus
432 339 541 381 datae
563 340 841 398 possessionis
856 339 1100 383 admonere.
1120 344 1221 386 Post
1237 344 1326 387 haec
1343 359 1453 403 proe-

95 417 200 462 lium
226 417 475 478 ingentibus
503 419 659 461 animis
683 418 985 461 committitur.
1013 419 1063 460 In
1091 435 1140 460 eo
1173 430 1354 480 uterque
1382 438 1455 464 rex

94 495 359 539 vulneratur.
386 496 573 539 Tamdiu
600 507 818 540 certamen
855 512 1013 556 anceps
1045 495 1152 551 fuit,
1177 499 1318 555 quoad
1341 500 1457 560 fuge-

94 582 159 616 ret
198 575 370 617 Darius.
410 574 577 618 Exinde
614 575 749 618 caedes
783 577 1013 618 Persarum
1054 584 1199 617 secuta
1233 585 1309 618 est.
1340 579 1457 621 Caesa

95 661 193 695 sunt
214 652 411 712 pediturn
435 670 571 696 unum
595 664 638 697 et
664 655 885 713 sexaginta
909 653 1065 709 millia,
1091 654 1287 713 equitum
1310 655 1458 700 decem

93 730 258 775 millia:
283 742 408 792 capta
433 732 720 791 quadraginta
748 731 897 774 millia.
925 735 987 775 Ex
1011 732 1327 776 Macedonibus
1351 736 1460 777 ceci-

95 808 196 853 dere
235 810 456 869 pedestres
496 825 626 864 cxxx,
663 810 827 869 equites
852 825 917 853 cL.
957 811 1006 852 In
1044 812 1194 854 castris
1230 813 1459 855 Persarum

94 887 281 930 multum
308 889 402 931 auri
427 897 757 948 ceterarumque
787 905 920 947 opum
950 890 1189 932 inventum.
1217 892 1337 933 Inter
1363 908 1461 950 cap-

94 967 205 1008 tivos
244 976 508 1023 castrorum,
549 977 706 1023 mater,
749 976 790 1009 et
827 984 936 1010 uxor
972 967 1209 1028 eademque
1245 985 1386 1025 soror,
1420 980 1458 1012 et

93 1043 188 1087 filiae
223 1044 317 1087 duae
350 1046 473 1088 Darii
504 1045 637 1088 fuere.
676 1045 739 1090 Ad
766 1062 872 1105 quas
908 1046 1104 1090 visendas
1138 1048 1461 1107 hortandasque

95 1140 230 1183 quum
261 1123 506 1167 Alexander
538 1125 750 1180 venisset,
779 1126 1022 1184 conspectis
1050 1127 1246 1182 armatis,
1274 1128 1460 1170 invicem

95 1219 138 1245 se
176 1202 401 1262 amplexae,
440 1201 559 1245 velut
596 1204 740 1246 statim
784 1204 1028 1259 moriturae,
1071 1204 1458 1264 complorationem

95 1280 340 1324 ediderunt.
357 1280 602 1323 Provolutae
617 1280 771 1324 deinde
786 1282 966 1341 genibus
982 1281 1231 1339 Alexandri,
1250 1300 1337 1326 non
1353 1300 1459 1326 rnor—

95 1368 206 1414 tem,
235 1359 309 1402 sed
344 1359 447 1402 dum
473 1359 596 1403 Darii
627 1376 784 1419 corpus
809 1359 1040 1419 sepeliant,
1066 1360 1319 1405 dilationem
1347 1378 1462 1405 mor-

95 1439 148 1482 tis
174 1438 474 1499 deprecantur.
503 1440 651 1481 Motus
678 1447 796 1481 tanta
830 1438 1064 1482 mulierum
1092 1441 1252 1500 pietate
1282 1440 1462 1484 Alexan-

95 1517 191 1572 der,
209 1527 251 1560 et
265 1518 448 1561 Darium
470 1518 615 1560 vivere
630 1516 756 1573 dixit,
776 1527 819 1560 et
846 1518 1099 1561 timentibus
1122 1520 1275 1562 mortis
1297 1529 1461 1562 metum

96 1595 301 1655 dempsit,
327 1612 485 1655 easque
509 1595 660 1638 haberi
685 1605 734 1637 ut
756 1597 927 1655 reginas
957 1598 1173 1656 praecepit.
1203 1596 1330 1640 Filias
1356 1614 1462 1656 quo-

95 1691 179 1734 que
203 1691 290 1718 non
315 1673 529 1718 sordidius
553 1674 762 1733 dignitate
781 1675 914 1733 patris
934 1690 1107 1733 sperare
1135 1676 1462 1718 matrimonium

90 1754 230 1812 jussit.

157 1835 213 1876 X.
250 1836 354 1876 Post
394 1834 484 1876 haec
517 1850 621 1893 opes
656 1834 804 1887 Darii,
840 1833 1177 1893 divitiarumque
1211 1844 1463 1893 apparatum

97 1911 438 1972 contemplatus,
488 1912 776 1955 admiratione
826 1922 1044 1955 tantarum
1089 1929 1234 1956 rerum
1279 1913 1462 1972 capitur.

95 1993 221 2034 Tunc
235 1991 427 2051 primum
450 1991 671 2035 luxuriosa
684 1992 901 2046 convivia,
917 2001 960 2034 et
976 1990 1340 2051 magnificentiam
1361 2008 1463 2050 epu·

97 2069 238 2113 larum
261 2071 417 2114 sectari
442 2088 450 2112 :
476 2080 582 2113 tunc
604 2072 826 2113 Barsinem
854 2071 1069 2130 captivam
1090 2069 1267 2130 diligere
1287 2079 1465 2129 propter

97 2149 246 2193 formae
277 2148 647 2209 pulchritudinem
681 2150 823 2209 coepit.
858 2152 893 2192 A
924 2166 1007 2208 qua
1041 2159 1188 2208 postea
1216 2159 1464 2208 susceptum

98 2239 282 2288 puerum
307 2227 537 2272 Herculem
561 2230 746 2271 vocavit.
763 2230 934 2271 Memor
958 2237 1101 2271 tamen
1121 2228 1263 2271 adhuc
1283 2229 1464 2272 Darium

98 2308 264 2361 vivere,
289 2308 619 2350 Parmenionem
639 2307 692 2350 ad
715 2307 1012 2367 occupandam
1038 2309 1247 2367 persicam
1268 2306 1465 2362 classem,

99 2385 290 2445 aliosque
316 2387 477 2428 amicos
492 2386 545 2428 ad
568 2386 839 2445 recipiendas
863 2388 975 2430 Asiae
1000 2388 1195 2429 civitates
1219 2387 1354 2437 misit3
1374 2402 1467 2445 quae

100 2466 270 2519 statim,
298 2464 445 2507 audita
477 2464 588 2507 fama
612 2467 820 2520 victoriae,
853 2466 956 2526 ipsis
979 2467 1102 2509 Darii
1129 2465 1340 2525 praefectis
1368 2481 1464 2508 cum

100 2545 194 2587 auri
221 2559 381 2603 magno
405 2543 597 2602 pondere
622 2543 894 2587 tradentibus
926 2561 987 2601 se,
1017 2546 1058 2587 in
1090 2554 1351 2605 potestatem
1380 2544 1465 2585 vic-

101 2633 244 2666 torum
271 2632 498 2665 venerunt.
530 2624 654 2664 Tunc
684 2623 722 2663 in
753 2623 917 2682 Syriam
950 2624 1243 2684 proficiscitur
1269 2639 1276 2664 :
1303 2623 1372 2663 ubi
1397 2621 1466 2662 ob-
