1783 3282
329 256 384 267 ἈΛΛ
390 257 449 269 *aaa
452 256 512 269 »ww
515 257 524 268 ι
527 256 572 268 vu
575 256 698 268 mmmm
702 256 762 268 ιινν
765 255 774 266 ι
777 254 1133 266 ινιιικννιΝνὶνννιιι-ικηῑνν
1136 254 1193 265 Mt
1196 255 1257 267 ινιὶ.
1261 254 1319 266 tum
1323 253 1381 266 m
1385 254 1506 266 mm
1509 255 1675 267 υικςιννυὶκη
1678 255 1691 267 ν

789 469 1046 524 LIBER
1088 466 1227 523 XII.

331 895 365 936 I.
393 857 710 942 ALEXANDER
739 894 783 936 in
819 891 1119 953 persequendo
1159 893 1294 935 Dario
1324 892 1501 935 amissos
1537 891 1697 935 milites

333 971 501 1031 magnis
534 971 738 1015 funerum
771 972 975 1031 impensis
1000 969 1175 1025 extulit,
1201 969 1380 1029 reliquis
1412 970 1697 1030 expeditionis

334 1050 424 1109 ejus
463 1050 588 1093 sociis
626 1049 836 1093 tredecim
868 1049 1005 1093 millia
1034 1047 1247 1092 talentum
1281 1048 1439 1090 divisit.
1473 1051 1696 1107 Equorum

334 1128 471 1186 maj0r
496 1143 595 1187 pars
628 1137 732 1171 aestu
759 1128 936 1183 amissa,
971 1126 1231 1187 inutilesque
1261 1127 1416 1179 etiam,
1446 1128 1519 1185 qui
1551 1141 1699 1184 super-

334 1205 526 1260 fuerant,
550 1205 664 1249 facti.
700 1207 886 1249 Pecunia
911 1207 1072 1261 omnis,
1098 1215 1271 1249 centum
1302 1205 1541 1264 nonaginta
1563 1202 1698 1246 millia

335 1283 566 1339 talentum,
596 1285 817 1328 Ecbatana
855 1295 1077 1345 congesta,
1114 1286 1239 1344 eique
1268 1284 1499 1327 Parmenio
1531 1299 1698 1343 praepo-

335 1363 454 1406 situs.
482 1365 600 1407 Dum
634 1363 723 1406 haec
749 1373 959 1423 aguntur,
991 1362 1181 1423 epistolae
1204 1364 1424 1421 Antipatri
1447 1379 1468 1404 e
1497 1361 1701 1404 Maoedo-

338 1441 409 1484 nia
443 1442 480 1484 ei
516 1441 781 1495 redduntur,
811 1442 967 1501 quibus
993 1441 1153 1485 bellum
1189 1441 1359 1501 Agidis,
1386 1441 1498 1501 regis
1526 1442 1681 1499 Sparta

337 1537 516 1575 norum,
549 1521 593 1562 in
629 1521 827 1573 Graecia3
853 1520 1015 1563 bellum
1049 1519 1308 1574 Alexandri,
1342 1521 1455 1579 regis
1485 1520 1632 1579 Epiri,
1656 1520 1699 1561 in

336 1597 483 1650 Italia3
507 1597 669 1641 bellum
686 1599 959 1658 Zopyrionis,
981 1598 1169 1658 praefecti
1194 1600 1305 1658 ejus,
1324 1599 1368 1640 in
1387 1597 1579 1657 Scythia,
1600 1613 1701 1640 con-

338 1677 568 1720 tinebatur.
610 1677 782 1733 Quibus
817 1678 935 1720 varie
974 1677 1174 1731 affectus,
1210 1676 1306 1736 plus
1344 1687 1488 1719 tamen
1525 1675 1701 1731 laetitiae,

339 1757 520 1817 cognitis
544 1757 755 1799 mortibus
781 1757 965 1799 duorum
994 1756 1250 1799 aemulorum
1277 1773 1447 1816 regum,
1472 1771 1602 1815 quam
1626 1755 1703 1798 do-

339 1835 442 1879 loris
463 1836 608 1878 amissi
631 1852 731 1878 cum
754 1836 997 1895 Zopyrione
1017 1836 1252 1889 exercitus,
1279 1836 1478 1895 suscepit.
1504 1837 1704 1894 Namque

340 1923 438 1974 post
474 1913 790 1973 profectionem
824 1912 1078 1966 Alexandri,
1111 1915 1280 1957 Graecia
1308 1914 1441 1956 ferme
1469 1914 1627 1966 omnis,
1659 1914 1701 1955 in

341 1993 612 2036 occasionem
644 1992 950 2051 recuperandae
981 1991 1213 2046 libertatis,
1240 1991 1294 2034 ad
1324 2008 1442 2034 arma
1473 2008 1702 2034 concurre-

342 2082 426 2127 rat,
467 2072 769 2115 auctoritatem
809 2071 1240 2114 Lacedaemoniorum
1278 2080 1442 2122 secuta,
1490 2071 1564 2129 qui
1604 2070 1705 2114 Phi-

344 2151 449 2211 lippi
478 2150 798 2209 Alexandrique
823 2167 974 2210 pacem
998 2149 1076 2193 soli
1100 2159 1372 2209 spreverant,
1408 2159 1450 2193 et
1481 2149 1594 2210 leges
1618 2166 1705 2193 res·

343 2239 541 2290 puerant.
574 2232 676 2273 Dux
711 2230 840 2289 hujus
873 2228 975 2272 belli
1004 2230 1127 2288 Agis,
1149 2245 1223 2271 rex
1254 2228 1704 2283 Lacedaemoniorum,

343 2310 436 2352 fuit.
464 2310 609 2365 Quem
646 2317 813 2352 motum
849 2309 1096 2367 Antipater,
1127 2309 1357 2351 contractis
1396 2307 1625 2363 militibus,
1661 2309 1704 2350 in

345 2390 438 2447 ipso
462 2398 563 2431 ortu
590 2388 817 2447 oppressit.
854 2389 1016 2446 Magna
1046 2397 1189 2429 tamen
1218 2388 1421 2446 utrinque
1450 2386 1583 2430 caedes
1609 2387 1701 2429 fuit.

347 2468 450 2527 Agis
475 2482 550 2509 rex
573 2481 708 2525 quum
730 2481 828 2508 suos
854 2474 975 2524 terga
997 2464 1147 2508 dantes
1166 2464 1352 2518 videret,
1374 2465 1558 2508 dimissis
1583 2463 1705 2507 satel-

347 2544 515 2598 litibus,
549 2554 594 2587 ut
621 2543 870 2587 Alexandro
894 2542 1118 2597 felicitate,
1142 2561 1230 2588 non
1260 2544 1417 2587 virtute
1443 2543 1618 2586 inferior
1641 2545 1704 2585 vi-

349 2623 542 2678 deretur,
567 2632 730 2666 tantam
761 2633 946 2682 stragem
971 2623 1161 2665 hostium
1189 2622 1341 2677 edidit,
1370 2633 1415 2665 ut
1442 2624 1613 2682 agmina
1643 2624 1705 2664 in-
