1783 3282
497 289 762 324 HISTORIA-5
790 290 1104 329 PHILIPPICAS.
1414 308 1432 330 2
1440 297 1486 343 39

156 367 459 411 Perdiccas.Qui
472 368 594 402 occiso
616 367 815 402 Ptoleniaeo
836 367 874 400 in
892 379 1048 413 regnum
1062 372 1251 406 restitutus
1270 380 1346 407 crat
1367 386 1386 408 a
1410 374 1477 408 Pe-

118 429 245 476 lopida
267 429 460 464 Thebano.

169 491 251 525 Cap.
273 491 336 525 VI.
361 492 480 526 Bella.
508 491 625 539 Illyrii
648 491 769 535 enim,
800 490 1047 525 Macedonum
1073 492 1187 525 modo
1212 494 1392 539 victores,
1418 509 1488 530 no-

117 564 180 586 vas
201 551 327 598 copias
348 551 517 599 ingentes
537 553 830 595 contrahebant3
853 553 1001 586 Paeones
1021 563 1129 599 agros
1150 554 1397 591 Macedonum
1418 570 1487 604 po-

116 613 361 659 pulabantur3
386 613 546 648 Thraces
569 613 780 657 Pausanias,
807 625 899 647 unus
924 625 967 647 ex
991 613 1090 660 regia
1110 613 1245 661 stirpe,
1271 615 1308 650 in
1332 619 1488 664 patriam

115 673 340 718 immiserat3
367 675 527 722 denique
546 675 791 710 Athenienses
813 687 934 721 neque
952 675 1187 721 pedestribus
1207 688 1328 724 neque
1349 681 1484 714 navali-

115 735 183 769 bus
209 736 326 782 copiis
353 736 572 782 parcebant,
599 743 637 770 ut
662 740 828 783 Argaeum
850 736 886 770 in
914 747 1070 782 rognum
1097 737 1344 772 restituerent.

167 797 357 831 Larissam
383 798 492 844 capit.
519 797 616 831 Hinc
645 797 889 831 Thessaliam.
921 798 1037 832 Error
1063 797 1123 832 hic
1152 799 1240 833 latet·
1266 813 1273 833 :
1301 813 1386 834 nam
1415 802 1489 835 La—

114 856 202 891 rissa
228 858 484 904 potentissima
509 858 726 901 Thessaliae,
755 870 832 892 non
852 858 1002 905 Illyriae,
1021 859 1109 893 urbs
1133 866 1196 894 est.
1221 861 1346 905 Quare
1366 862 1489 897 Weis-

114 917 198 952 kius
224 931 407 965 reponere
430 919 582 954 volebat
610 931 617 952 :
647 918 839 953 Larissam
862 919 946 953 hinc
971 931 1086 954 CAPUT
1113 920 1334 957 leessalioe.

167 980 301 1014 Fratre
315 982 500 1027 patruele.
529 982 649 1015 Immo
673 987 806 1027 patruo
831 994 838 1014 :
864 993 947 1015 nam
968 982 1110 1016 Arruba
1132 983 1371 1030 Neoptolemi
1393 986 1490 1032 regis

113 1052 157 1074 ex
181 1041 305 1076 Alceta
335 1048 440 1087 patre
467 1042 578 1076 frater
603 1049 691 1077 erat.

568 1167 627 1200 IN
657 1166 879 1201 LIBRUM
914 1168 1032 1201 VIII.

165 1276 247 1311 Cn.
275 1277 302 1310 Ι.
331 1276 510 1311 Thebani.
535 1277 581 1311 Hi
603 1276 700 1311 enim
723 1284 798 1310 tum
820 1277 954 1311 bellam
977 1289 1119 1311 sacrum
1140 1279 1360 1322 movebant,
1387 1281 1488 1326 cujus

111 1338 266 1374 historia
293 1338 352 1373 hic
379 1338 521 1384 incipit.

167 1399 365 1434 Commune
389 1400 548 1434 Groecioe
569 1400 775 1435 concilium.
799 1398 1100 1446 Amphictyonas.

174 1464 306 1495 Arcem
332 1461 543 1495 thebanam.
565 1461 783 1500 Cadmeam,
797 1473 876 1507 quae
894 1459 1144 1506 probantibus
1156 1461 1349 1507 Spartanis
1364 1475 1394 1498 a.
1416 1462 1487 1498 382

110 1534 178 1568 per
205 1522 426 1557 Phoebidam
450 1522 574 1557 subito
601 1529 706 1569 capta
732 1529 820 1557 erat.

164 1584 359 1618 Boeotc'am.
380 1585 500 1618 Immo
516 1583 656 1618 Cirrhae
676 1583 780 1618 urbis
794 1595 944 1630 agrum,
969 1583 1139 1629 Apollini
1165 1595 1326 1628 sacrum,
1355 1598 1488 1620 arave-

110 1652 194 1679 rant
214 1652 249 1679 et
274 1645 313 1679 in
337 1645 516 1691 profanos
540 1658 624 1680 usus
653 1652 928 1680 converterant.

172 1706 367 1741 Thebanos
404 1708 534 1742 castris
572 1708 684 1742 eoenit.
724 1707 783 1741 Ad
811 1707 1045 1741 Pliaedriadas
1076 1707 1227 1753 quidem
1257 1720 1385 1755 1·upes;
1423 1709 1489 1743 uhi

112 1769 252 1802 Locros
279 1767 511 1814 potissimum
547 1768 641 1802 fudit
702 1779 863 1814 quorum
894 1767 1035 1803 auxilio
1072 1769 1243 1803 Thebani
1275 1770 1486 1804 utebantur.

655 1798 663 1813 7

112 1829 280 1863 Insecuta
315 1836 401 1863 sunt
441 1829 549 1864 etiam
583 1829 655 1864 alia
690 1829 840 1875 proelia,
877 1842 1035 1875 quorum
1069 1830 1212 1864 mentio
1244 1831 1304 1865 hic
1341 1831 1486 1868 omissa.

113 1890 276 1937 Sequens
306 1891 407 1937 quod
433 1891 522 1925 dicit
537 1891 717 1938 praelium
738 1891 785 1924 ad
808 1892 976 1925 Neonem
1008 1891 1145 1926 factum
1163 1898 1229 1926 est.

170 1951 438 1986 Onomarchus.
468 1951 667 1986 Philomeli
689 1951 813 1986 frater.
840 1951 959 1986 Codd.
989 1952 1065 1987 fere
1094 1965 1223 1987 omnes
1255 1953 1486 1988 OEnomaus.

162 2014 245 2049 CAP.
274 2015 323 2049 ΙΙ.
352 2013 533 2048 Thessali.
561 2012 635 2057 Qui
661 2013 875 2059 Philippum
897 2019 1026 2048 contra
1052 2014 1339 2060 Lycophronem
1360 2021 1487 2061 tyran—

110 2087 199 2109 num
223 2087 306 2109 cum
328 2075 580 2109 Phocensibus
602 2074 777 2109 societate
797 2074 965 2119 junctum
984 2075 1021 2108 in
1048 2074 1227 2109 auxilium
1250 2083 1485 2109 vocaverant.

163 2137 248 2171 CAP.
273 2137 341 2170 III.
370 2137 415 2170 In
445 2135 729 2183 Cappadociam
751 2135 895 2179 trajicit.
922 2137 977 2170 Eo
1004 2148 1153 2182 quoque
1174 2136 1387 2183 Philippum
1416 2149 1485 2183 pe—

110 2204 274 2232 netrasse
302 2204 468 2231 veterum
492 2210 603 2231 nemo
629 2204 800 2231 testatum
826 2197 977 2243 reliquit
997 2210 1004 2230 :
1026 2197 1090 2231 sed
1110 2198 1308 2244 Pompeius
1329 2199 1486 2244 Trogus,

110 2266 149 2293 ut
175 2271 219 2293 ex
244 2259 400 2306 Prologo
426 2271 504 2293 V111
533 2265 710 2305 apparet,
736 2258 782 2292 (le
813 2258 1036 2293 Chalcidicis
1058 2259 1207 2293 urbibus
1235 2259 1380 2294 locutus
1406 2260 1486 2294 fue—

109 2327 186 2363 rat,
216 2320 318 2367 quod
349 2333 432 2356 cum
459 2320 589 2355 ceteris
614 2320 864 2367 scriptoribus
892 2320 1085 2354 conciliari
1105 2327 1227 2367 potest
1258 2333 1265 2354 ε
1292 2328 1391 2355 recte
1411 2321 1484 2368 igi-

111 2388 169 2416 tur
196 2382 410 2417 Gronovius
436 2383 474 2416 in
496 2383 568 2416 hoc
592 2382 676 2416 loco
703 2381 840 2416 Justini
866 2382 1079 2416 emendavit
1107 2382 1378 2417 Chalcidicam.

163 2445 312 2478 Fratres
337 2445 419 2479 duo.
451 2445 590 2491 Cotyos
615 2443 712 2490 regis
732 2443 899 2478 Thraciae
925 2442 1012 2486 filii,
1036 2443 1252 2479 Amadocus
1278 2452 1314 2479 et
1338 2444 1485 2480 Berisa—

110 2506 195 2549 des3
218 2505 345 2540 tertius
366 2505 480 2540 frater
505 2512 583 2540 erat
609 2505 893 2551 Cersol)leptes,
916 2517 1023 2551 quem
1044 2505 1301 2551 procaciorem
1324 2514 1361 2540 ut
1382 2519 1486 2541 com-

108 2574 296 2614 pesceret,
317 2566 509 2613 Philippus
532 2566 579 2600 ab
602 2565 798 2600 Amadoco
821 2565 857 2599 in
886 2566 1083 2601 Thraciam
1111 2567 1328 2601 vocabatur.

162 2629 246 2663 cip,
272 2630 334 2663 VI*
366 2629 633 2663 Aleaeamlrum.
657 2628 912 2674 Neoptolemi,
939 2628 1044 2674 Epiri
1064 2628 1185 2674 regis,
1208 2626 1337 2662 filium.
