1783 3282
332 268 352 290 2
582 241 587 243 “
768 255 1027 289 PRAEFATIO
1060 254 1258 289 JUSTINI.

330 342 385 382 Et
415 354 509 397 quae
535 337 729 380 historici
760 339 1040 390 Graecorum,
1075 346 1205 396 prout
1234 336 1513 380 commodum
1545 337 1699 394 cuique

332 433 435 487 fuit,
463 434 574 475 inter
599 448 689 476 sese
711 437 921 492 gregatim
945 441 1240 490 occuparunt,
1268 432 1460 486 omissis,
1487 447 1581 489 quae
1608 431 1698 473 sine

330 527 476 570 fructu
501 536 641 582 erant,
667 543 716 569 ea
742 528 888 570 omnia
911 527 1144 585 Pompeius
1173 526 1311 569 divisa
1340 525 1633 585 temporibus,
1657 534 1699 567 et

331 622 439 664 serie
461 637 606 664 rerum
630 620 795 681 digesta
815 621 1072 680 composuit.
1094 622 1264 663 Horum
1289 621 1420 680 igitur
1446 628 1634 679 quatuor
1656 628 1699 661 et

329 715 616 776 quadraginta
634 714 906 758 voluminum
927 716 1051 775 (nam
1068 715 1250 758 totidem
1265 714 1423 773 edidit)
1442 731 1519 774 per
1535 715 1695 768 otium,

331 826 417 869 quo
455 811 498 852 in
538 810 656 853 Urbe
691 810 913 865 versabar,
949 810 1195 870 cognitione
1230 825 1409 869 quaeque
1447 808 1699 869 dignissima

331 905 544 963 excerpsi3
575 914 616 946 et
639 905 805 946 omissis
826 904 892 947 his
908 938 918 956 ,
947 920 1041 963 quae
1062 920 1140 946 nec
1164 902 1451 963 cognoscendi
1475 901 1698 962 voluptate

328 999 520 1057 jucunda
535 1033 546 1053 ,
569 1015 649 1042 nec
673 998 870 1057 exemplo
891 1007 1016 1041 erant
1035 999 1296 1053 necessaria,
1319 998 1448 1040 breve
1471 996 1605 1041 veluti
1628 997 1699 1040 sso-

332 1110 428 1135 rum
458 1092 766 1152 corpusculum
794 1092 898 1144 feci3
926 1101 973 1134 ut
1000 1091 1232 1146 haberent,
1262 1101 1303 1134 et
1327 1094 1401 1151 qui
1431 1108 1568 1152 graeca
1595 1091 1700 1135 didi-

334 1188 516 1241 cissent,
539 1203 625 1245 quo
648 1185 1007 1239 admonerentur,
1039 1195 1083 1228 et
1104 1185 1178 1244 qui
1206 1201 1293 1228 non
1318 1184 1589 1240 didicissent,
1612 1202 1699 1245 quo

334 1282 661 1324 instruerentur.
687 1279 820 1335 Quod
842 1279 896 1322 ad
920 1289 985 1331 te,
1009 1295 1096 1322 non
1120 1288 1208 1322 tarn
1233 1280 1544 1340 cognoscendi,
1568 1297 1698 1339 quam

334 1373 592 1418 emendandi
618 1390 745 1417 causa
771 1374 988 1416 transmisi
1014 1390 1021 1415 :
1047 1372 1175 1416 simul
1199 1383 1246 1416 ut
1273 1384 1315 1416 et
1341 1375 1417 1417 otii
1442 1376 1546 1429 mei,
1576 1377 1699 1435 cujus

334 1479 376 1512 et
402 1471 511 1513 Cato
537 1467 801 1511 reddendam
829 1467 1057 1528 (operam)
1081 1476 1224 1527 putat,
1256 1468 1372 1527 apud
1402 1477 1442 1512 te
1468 1470 1579 1512 ratio
1602 1485 1700 1512 con—

335 1572 479 1606 staret.
503 1561 669 1606 Sufficit
689 1562 804 1604 enim
817 1562 924 1605 mihi
948 1563 992 1604 in
1009 1562 1090 1605 boc
1109 1572 1304 1622 tempore
1314 1562 1526 1622 judicium
1546 1573 1697 1619 tuum,

335 1657 451 1717 apud
482 1665 703 1716 posteros,
732 1672 868 1715 quum
895 1656 1222 1700 obtrectationis
1250 1657 1411 1700 invidia
1440 1657 1698 1715 decesserit,

337 1752 558 1797 industriae
585 1751 881 1795 testimonium
905 1751 1120 1794 habituro.
