1783 3282
338 272 406 295 109.
919 258 1107 291 JUSTLNI

332 347 423 387 vios
448 359 548 386 cum
587 341 734 385 infulis
767 341 926 384 multos
954 343 1144 386 Orientis
1183 357 1304 401 reges
1335 342 1500 384 habuit.
1537 344 1602 384 Ex
1622 343 1687 385 his

335 438 412 481 pro
437 421 602 464 meritis
619 419 890 480 singulorum
908 419 1013 462 alios
1037 420 1080 460 in
1107 419 1355 461 societatem
1383 420 1547 478 recepit
1567 436 1576 461 :
1601 419 1694 462 aliis

333 515 516 559 regnum
541 499 724 553 ademit,
754 497 946 541 suffectis
975 497 1019 538 in
1050 494 1145 538 loca
1170 512 1321 539 eorum
1350 499 1472 540 novis
1503 498 1691 557 regibus.

331 578 516 637 Insignis
534 587 689 637 praeter
705 586 869 619 ceteros
892 574 974 617 fuit
989 573 1319 633 Abdolonymus
1332 608 1342 628 ,
1357 591 1432 617 rex
1449 575 1501 618 ab
1517 575 1697 619 Alexan-

333 656 410 699 dro
436 656 621 699 Sidoniae
644 655 920 698 constitutus.
954 653 1100 709 Quem
1134 652 1402 708 Alexander,
1430 670 1565 712 quum
1596 670 1696 713 ope-

332 751 423 777 ram
463 734 664 777 oblocare
691 732 744 775 ad
776 742 929 792 puteos
955 730 1294 787 exhauriendos,
1331 731 1567 790 hortosque
1602 733 1697 774 irri-

332 813 494 873 gandos
526 811 676 855 solitus
702 821 834 866 esset,
872 812 1028 853 misere
1061 811 1195 853 vitam
1218 810 1518 863 exhibentem,
1548 826 1694 870 regem

331 891 515 945 fecerat,
540 890 694 950 spretis
719 889 956 944 nobilibus,
980 905 1034 931 ne
1057 889 1225 948 generis
1248 888 1314 943 id,
1342 904 1428 930 non
1459 887 1602 931 dantis
1624 889 1696 931 be-

330 969 532 1013 neficium
557 977 774 1027 putarent.
799 968 1030 1027 Tyriorum
1055 967 1204 1009 civitas
1229 982 1365 1024 quum
1391 983 1596 1010 coronam
1619 983 1695 1010 au-

330 1064 448 1091 ream
474 1047 620 1106 magni
644 1045 849 1105 ponderis
874 1061 950 1104 per
974 1043 1138 1104 legatos
1168 1046 1211 1086 in
1241 1043 1418 1087 titulum
1448 1045 1697 1104 gratulatio-

330 1128 395 1169 nis
420 1125 668 1169 Alexandro
692 1125 897 1178 misisset,
925 1133 1044 1184 grate
1069 1139 1249 1166 munere
1275 1133 1474 1182 accepto,
1499 1126 1695 1183 «Tyrum

330 1221 372 1247 se
392 1205 453 1247 ire
477 1202 586 1246 velle
609 1203 663 1246 ad
688 1212 786 1246 vota
809 1201 984 1246 Herculi
1008 1201 1252 1256 reddenda,
1274 1222 1293 1242 »
1318 1201 1438 1244 dixit.
1459 1202 1611 1258 Quum
1634 1202 1694 1245 le-

331 1283 417 1343 gati
443 1282 654 1326 «Rectius
675 1281 720 1325 id
744 1298 843 1325 eum
871 1282 914 1324 in
938 1283 1053 1340 Tyro
1079 1290 1223 1324 vetere
1249 1290 1291 1323 et
1315 1281 1560 1340 antiquiore
1591 1291 1693 1324 tem-

331 1361 403 1422 plo
433 1362 683 1406 facturum»
708 1361 923 1416 dicerent,
955 1362 999 1402 in
1033 1360 1313 1420 deprecantes
1342 1360 1434 1419 ejus
1466 1361 1695 1403 introitum
1750 1414 1751 1417 Ἴ

331 1443 390 1485 ita
417 1443 594 1496 exarsit,
626 1451 673 1484 ut
701 1441 798 1484 urbi
833 1440 1048 1484 excidium
1074 1441 1314 1483 minaretur
1339 1458 1346 1481 :
1380 1439 1694 1499 confestimque

331 1521 522 1562 exercitu
558 1519 706 1562 insulae
740 1518 977 1578 applicato,
1012 1535 1098 1561 non
1137 1519 1279 1561 minus
1319 1519 1524 1561 animosis
1555 1520 1695 1578 Tyriis

332 1597 489 1640 fiducia
504 1598 928 1657 Carthaginiensium
944 1631 954 1651 ,
979 1596 1093 1639 bello
1117 1598 1342 1656 excipitur.
1369 1597 1695 1656 Augebatenim

330 1676 469 1735 Tyriis
494 1676 660 1719 animos
683 1675 867 1718 Didonis
887 1674 1154 1734 exemplum,
1176 1691 1290 1734 quae,
1312 1676 1576 1735 Carthagine
1599 1692 1697 1719 con-

332 1754 438 1806 dita,
463 1756 634 1796 tertiam
659 1764 826 1813 partem
855 1754 970 1796 orbis
991 1755 1230 1812 quaesissetg
1257 1764 1383 1813 turpe
1409 1754 1636 1809 ducentes,
1661 1757 1694 1797 si

332 1832 498 1875 feminis
531 1833 617 1875 suis
645 1831 740 1891 plus
775 1832 907 1874 animi
939 1832 1088 1874 fuisset
1127 1832 1170 1873 in
1209 1833 1392 1890 imperio
1435 1833 1693 1891 quaerendo,

331 1927 460 1970 quam
481 1910 560 1953 sibi
584 1911 627 1952 in
652 1909 813 1952 tuenda
828 1909 1039 1953 libertate.
1061 1912 1220 1953 Amota
1236 1911 1369 1969 igitur
1386 1909 1550 1953 imbelli
1572 1921 1694 1954 aetate

331 1990 659 2049 Carthaginem,
686 1998 729 2031 et
746 1989 958 2031 arcessitis
977 2005 1077 2031 mox
1100 1987 1289 2043 auxiliis,
1309 2005 1397 2031 non
1420 2005 1578 2049 magno
1598 2005 1693 2050 post

333 2077 525 2127 tempore
549 2084 625 2127 per
650 2067 944 2126 proditionem
973 2068 1218 2126 capiuntur.

392 2147 468 2189 XI.
501 2146 607 2189 Inde
644 2146 848 2189 Rhodum
886 2145 1147 2194 Alexander,
1189 2148 1441 2206 AEgyptum,
1478 2146 1692 2191 Ciliciam-

331 2241 436 2283 que,
465 2226 553 2267 sine
583 2225 817 2267 certamine
846 2225 1011 2283 recipit.
1042 2224 1109 2267 Ad
1131 2227 1279 2268 Jovem
1309 2225 1462 2268 deinde
1494 2229 1693 2270 Hammo-

334 2319 431 2346 nem
455 2304 595 2363 pergit
610 2337 620 2357 ,
653 2301 928 2345 consulturus
956 2313 995 2345 et
1031 2303 1082 2345 de
1106 2313 1262 2345 eventu
1286 2303 1553 2357 futurorum,
1577 2313 1618 2347 et
1640 2305 1691 2347 de

332 2382 496 2440 origine
517 2397 604 2424 sua.
631 2383 831 2440 Namque
855 2391 994 2423 mater
1014 2382 1103 2440 ejus
1127 2381 1350 2440 Olympias
1378 2382 1571 2425 confessa
1599 2384 1691 2426 viro

333 2475 409 2501 suo
434 2458 637 2519 Philippo
659 2459 820 2513 fuerat,
846 2458 1173 2502 «Alexandrum
1201 2477 1287 2502 non
1314 2477 1364 2502 ex
1388 2477 1438 2503 eo
1461 2477 1503 2503 se
1519 2494 1529 2514 ,
1551 2461 1623 2504 sed
1642 2478 1691 2504 ex

333 2546 528 2596 serpente
543 2538 728 2597 ingentis
744 2537 1053 2597 magnitudinis
1073 2540 1364 2598 concepisse.»
1381 2540 1579 2598 Denique
1598 2540 1692 2582 Phi-

334 2615 474 2675 lippus
511 2615 662 2658 ultimo
701 2633 836 2675 prope
870 2618 964 2658 viiae
991 2633 1074 2659 suae
1107 2627 1323 2677 tempore,
1351 2618 1540 2660 «Filium
1565 2635 1688 2661 suum
