1783 3282
503 254 845 289 HISTORIARUM
873 256 960 289 LIB.
988 257 1090 290 XIII.
1414 257 1477 291 131

116 338 286 395 gnovit,
315 338 388 395 qui
411 336 763 395 Peloponnenses
788 336 831 378 in
852 337 1099 380 societatem
1126 354 1345 385 armorum
1368 339 1484 382 solli-

116 415 288 468 citaret,
323 423 494 457 secutus
539 431 662 469 eum,
701 415 910 475 Sicyona,
946 417 1086 474 Argos
1119 426 1162 458 et
1197 419 1484 473 Corinthum,

118 501 370 552 ceterasque
387 493 604 548 civitates,
621 492 871 553 eloquentia
889 509 965 536 sua
979 493 1484 556 Atheniensibusjunxit.

117 571 187 614 Ob
212 570 331 630 quod
354 570 536 628 factum,
563 573 694 616 missa
722 572 775 616 ab
800 572 1140 616 Atheniensibus
1159 573 1330 616 obviam
1360 593 1486 630 nave,

116 650 169 693 ab
201 649 350 694 exsilio
389 661 631 695 revocatur.
677 652 860 695 Interim
900 651 943 694 in
982 650 1207 694 obsidione
1244 653 1484 711 Antipatri,

116 730 406 784 Leosthenes,
431 730 516 772 dux
545 731 904 785 Atheniensium,
935 729 1019 773 telo
1052 746 1074 772 e
1110 730 1246 773 muris
1279 730 1323 772 in
1348 739 1486 773 trans—

117 818 294 851 euntem
314 809 432 867 jacto
455 807 680 851 occiditur.
707 810 817 865 Quae
839 824 906 852 res
934 818 1102 851 tantum
1127 809 1376 852 animorum
1397 810 1485 852 An-

118 889 279 947 tipatro
304 888 447 943 dedit,
472 898 522 930 ut
545 889 675 931 etiam
700 888 863 932 vallum
888 889 1133 932 rescindere
1160 887 1491 932 au(leret.Auxi-

118 965 223 1010 lium
247 967 405 1010 deinde
426 984 450 1010 a
478 970 675 1011 Leonato
700 984 777 1027 per
795 967 959 1028 legatos
985 968 1095 1028 petit
1121 985 1128 1010 :
1157 969 1231 1027 qui
1257 985 1392 1027 quum
1423 985 1490 1010 ve-

118 1048 212 1089 nire
239 1064 338 1091 cum
366 1049 562 1091 exercitu
590 1048 817 1091 nuntiatus
845 1057 975 1103 esset,
1002 1048 1119 1090 obvii
1142 1048 1179 1090 ei
1206 1047 1489 1091 Athenienses

117 1142 216 1168 cum
233 1127 458 1170 instructis
481 1127 615 1186 copiis
632 1126 775 1182 fuere,
802 1127 948 1186 ibique
968 1127 1154 1186 equestri
1175 1125 1352 1186 proelio,
1369 1127 1488 1186 gravi

117 1205 300 1248 vulnere
316 1207 426 1249 ictus
447 1206 752 1265 exstinguitur.
771 1207 1022 1264 Antipater,
1038 1206 1210 1248 tametsi
1233 1203 1394 1247 auxilia
1411 1221 1487 1248 sua

121 1284 286 1328 videret
303 1286 438 1340 victa,
465 1294 606 1327 morte
630 1294 775 1327 tamen
797 1285 983 1327 Leonati
1006 1282 1175 1327 laetatus
1202 1293 1265 1326 est
1294 1301 1302 1326 :
1332 1284 1492 1343 quippe

118 1372 159 1406 et
185 1363 389 1406 aemulum
421 1363 662 1418 sublatum,
691 1373 731 1407 et
753 1364 866 1406 vires
890 1363 981 1423 ejus
1009 1364 1234 1406 accessisse
1249 1362 1328 1405 sibi
1348 1372 1494 1422 gratu-

119 1442 304 1485 labatur.
330 1443 485 1486 Statim
515 1443 649 1504 igitur
685 1444 878 1486 exercitu
911 1443 1002 1502 ejus
1026 1452 1225 1502 recepto,
1244 1458 1379 1501 quum
1415 1458 1493 1501 par

119 1523 315 1566 hostibus
343 1523 473 1565 etiam
503 1522 657 1582 proelio
694 1523 938 1577 videretur,
970 1521 1137 1565 solutus
1173 1521 1418 1577 obsidione,
1450 1521 1491 1563 in

118 1602 423 1645 Macedoniam
450 1604 673 1646 concessit.
692 1603 948 1645 Graecorum
967 1616 1140 1660 quoque
1158 1602 1310 1660 copiae,
1334 1599 1493 1642 finibus

119 1682 300 1724 Graeciae
318 1681 442 1724 hoste
464 1682 609 1741 pulso,
636 1682 679 1723 in
702 1681 833 1724 urbes
853 1679 1036 1740 dilapsae.

183 1762 258 1804 VI.
292 1763 464 1804 Interea
497 1760 744 1816 Perdiccas,
775 1759 891 1803 bello
921 1759 1161 1816 Ariarathi,
1194 1760 1285 1819 regi
1319 1760 1491 1818 Cappa-

119 1839 305 1895 docum,
350 1839 494 1895 illato,
524 1840 765 1900 proelioque
804 1841 964 1894 victor,
997 1837 1105 1881 nihil
1136 1838 1300 1898 praemii
1337 1847 1492 1896 praeter

118 1919 301 1963 vulnera
319 1930 363 1963 et
381 1918 578 1980 pericula
607 1918 770 1963 retulit.
797 1920 975 1979 Quippe
992 1919 1137 1961 hostes
1160 1918 1214 1960 ab
1235 1918 1325 1960 acie
1350 1917 1394 1959 in
1419 1933 1493 1960 ur-

118 1999 217 2042 bem
242 2000 424 2059 recepti,
456 2000 606 2043 occisis
634 1999 892 2059 conjugibus
925 2009 968 2041 et
999 1997 1171 2052 liberis,
1196 1996 1348 2039 domos
1372 1997 1490 2055 quis-

120 2095 203 2138 que
232 2096 328 2122 suas
355 2096 453 2122 cum
478 2080 682 2122 omnibus
710 2080 847 2138 copiis
873 2078 1175 2122 incenderunt.
1200 2076 1364 2120 Eodem
1390 2092 1494 2119 con-

121 2160 250 2219 gestis
273 2160 404 2202 etiam
428 2160 634 2214 servitiis,
659 2169 702 2202 et
725 2160 978 2218 semetipsos
1002 2158 1296 2218 praecipitant,
1317 2167 1367 2200 ut
1384 2156 1491 2200 nihil

123 2238 257 2281 hostis
281 2238 419 2281 victor
442 2254 619 2282 suarum
646 2254 818 2292 rerum,
845 2247 999 2297 praeter
1030 2236 1220 2280 incendii
1245 2235 1494 2296 spectacula

122 2319 351 2362 frueretur.
376 2318 504 2375 Inde,
528 2328 578 2362 ut
603 2319 768 2361 viribus
788 2319 1094 2362 auctoritatem
1112 2317 1276 2377 regiam
1298 2316 1494 2376 acquire-

122 2407 206 2453 ret,
232 2397 288 2441 ad
315 2399 489 2458 nuptias
516 2398 781 2459 Cleopatrae,
806 2398 967 2441 sororis
992 2396 1229 2441 Alexandri
1248 2396 1423 2456 Magni,
1453 2406 1496 2438 et

123 2477 303 2521 alterius
316 2476 552 2521 Alexandri
564 2477 784 2537 quondam
801 2478 963 2531 uxoris,
980 2493 1066 2520 non
1078 2486 1339 2537 aspernante
1352 2474 1498 2536 Olym-

125 2557 277 2617 piade,
301 2567 440 2600 matre
469 2558 584 2616 ejus,
608 2555 795 2605 intendit
817 2556 916 2600 :sed
941 2558 1061 2616 prius
1086 2557 1368 2616 Antipatrum
1385 2589 1396 2610 ,
1417 2555 1497 2598 sub

125 2635 346 2680 affinitatis
371 2636 577 2691 obtentu,
601 2651 755 2694 capere
791 2636 1004 2695 cupiebat.
1028 2635 1183 2695 Itaque
1207 2635 1357 2695 fingit,
1389 2651 1432 2677 se
1454 2635 1496 2677 in

1240 2728 1283 2770 f)-
