1783 3282
105 249 161 260 xxxx
168 249 225 261 &zu
231 249 474 261 Μιῑννιωνυὶνὶ
480 248 1037 263 ιΝνὶνννυΜΙΜΝνΜνννννιῐννιΝννωῆ
1043 251 1411 265 Μἰῑνννννῑυννὶννννννῃ
1417 253 1463 265 wv

584 459 840 514 LIBER
883 459 983 512 XI.

98 891 131 931 Ι.
162 851 234 932 ΙΝ
254 887 445 929 exercitu
470 884 658 945 Philippi
685 885 810 927 sicuti
835 884 962 927 variae
994 894 1142 944 gentes
1166 895 1307 942 erant,
1332 887 1391 930 ita
1412 902 1460 929 eo

98 967 240 1010 occiso
254 965 410 1008 diversi
425 975 568 1008 motus
592 965 838 1032 animorum
863 963 994 1006 fuere.
1015 962 1099 1007 Alii
1123 965 1283 1023 quippe
1302 965 1462 1024 injusta

98 1046 304 1088 servitute
327 1044 541 1104 oppressi,
570 1043 625 1085 ad
653 1059 774 1102 spem
805 1059 847 1085 se
873 1041 1084 1085 libertatis
1108 1043 1331 1103 erigebant
1355 1060 1363 1085 :
1388 1042 1461 1087 alii

97 1123 224 1166 taedio
242 1123 490 1185 longinquae
508 1121 671 1164 militiae
686 1121 905 1164 remissam
929 1121 1009 1163 sibi
1028 1121 1347 1180 expeditionem
1362 1138 1461 1181 gau-

98 1202 258 1245 debant
286 1219 295 1244 :
324 1201 523 1244 nonnulli
558 1201 718 1255 facem,
747 1200 910 1259 nuptiis
942 1198 1038 1241 filiae
1069 1215 1314 1255 accensam,
1354 1216 1460 1259 rogo

97 1281 231 1340 patris
268 1280 486 1323 subditam
528 1278 745 1321 dolebant.
779 1278 954 1321 Amicos
989 1293 1162 1336 quoque
1196 1286 1283 1320 tam
1319 1278 1460 1320 subita

97 1360 336 1402 mutatione
364 1374 510 1401 rerum
543 1357 660 1400 haud
686 1356 916 1399 mediocris
945 1365 1086 1399 metus
1120 1365 1311 1415 ceperat,
1337 1372 1460 1415 repu-

97 1447 236 1481 tantes
260 1453 375 1480 nunc
393 1444 672 1496 provocatam
694 1436 867 1489 Asiam;
891 1450 1008 1477 nunc
1026 1437 1247 1493 Europam
1266 1433 1455 1477 nondum

96 1516 407 1575 perdomitam;
440 1531 554 1558 nunc
594 1514 763 1573 Illyrios
783 1547 794 1568 ,
826 1513 1035 1568 Thracas,
1066 1512 1313 1567 Dardanos,
1352 1522 1461 1555 cete-

96 1611 248 1653 rasque
276 1594 480 1637 barbaras
499 1602 645 1653 gentes
663 1591 761 1634 fidei
785 1590 944 1646 dubiae,
960 1600 1003 1633 et
1025 1591 1181 1633 mentis
1204 1590 1363 1644 infidae,
1385 1593 1458 1649 qui

95 1689 243 1715 omnes
261 1671 429 1732 populi,
453 1672 486 1714 si
504 1672 664 1731 pariter
682 1670 901 1724 deficiant,
921 1670 1011 1712 sisti
1030 1667 1150 1711 nullo
1170 1668 1300 1712 modo
1318 1685 1456 1728 posse.

95 1754 229 1809 Queis
252 1753 380 1795 rebus
407 1751 541 1795 veluti
569 1749 735 1794 medela
764 1749 959 1809 quaedam
987 1750 1255 1792 interventus
1280 1749 1460 1793 Alexan-

95 1831 160 1873 dri
191 1831 293 1885 fuit;
329 1832 403 1890 qui
433 1847 511 1890 pro
541 1830 749 1873 concione
788 1830 847 1872 ita
874 1828 1030 1888 vulgus
1056 1844 1185 1871 omne
1214 1827 1459 1872 consolatus

94 1910 377 1969 hortatusque
406 1926 486 1968 pro
516 1919 711 1968 tempore
741 1917 823 1963 est,
858 1917 906 1951 ut
933 1917 976 1950 et
1011 1916 1176 1950 metum
1205 1908 1458 1950 timentibus

95 1988 305 2043 demeret,
329 1999 371 2031 et
399 2005 472 2048 spe
501 2004 649 2031 omnes
678 1986 891 2047 impleret.
921 1989 1028 2029 Erat
1055 1986 1126 2028 hic
1149 2001 1286 2028 annos
1308 2002 1362 2027 xx
1384 2002 1459 2028 na-

97 2077 163 2110 tus
184 2084 193 2110 :
218 2069 262 2110 in
285 2084 369 2126 qua
384 2077 508 2110 aetate
528 2068 587 2109 ita
606 2066 826 2109 moderate
846 2065 898 2108 de
921 2081 964 2108 se
986 2064 1123 2107 multa
1148 2063 1367 2123 pollicitus
1382 2074 1458 2114 est,

96 2156 141 2189 ut
173 2156 420 2206 appareret,
448 2145 574 2206 plura
598 2162 697 2188 eum
728 2144 1033 2204 experimentis
1060 2158 1290 2186 reservare.
1319 2144 1459 2185 Mace-

95 2226 279 2268 donibus
302 2227 620 2268 immunitatem
648 2233 904 2267 cunctarum
926 2239 1072 2265 rerum
1086 2257 1096 2277 ,
1123 2230 1276 2281 praeter
1295 2220 1458 2266 militia‘

95 2305 389 2359 vacationem,
418 2304 536 2347 dedit
564 2321 572 2346 :
599 2320 684 2363 quo
714 2303 828 2346 facto
852 2312 1022 2345 tantum
1048 2301 1128 2344 sibi
1149 2301 1340 2343 favorem
1364 2317 1454 2343 om-

95 2385 216 2426 nium
240 2383 484 2427 conciliavit
498 2417 509 2438 ,
525 2393 574 2426 ut
591 2399 748 2441 corpus
766 2382 976 2435 hominis,
997 2397 1085 2423 non
1102 2380 1307 2423 virtutem
1330 2380 1456 2439 regis,

95 2472 282 2505 mutasse
301 2479 343 2504 se
362 2462 567 2505 dicerent.

158 2544 212 2584 ΙΙ.
240 2542 383 2584 Prima
412 2540 474 2583 illi
503 2556 606 2583 cura
636 2549 915 2598 paternarum
948 2540 1246 2598 exsequiarum
1273 2538 1381 2581 fuit:
1413 2541 1453 2581 in

95 2620 250 2678 quibus
285 2630 384 2662 ante
420 2620 563 2661 onmia
603 2618 728 2660 caedis
757 2618 952 2661 conscios
984 2618 1038 2660 ad
1076 2616 1289 2659 tumulum
1319 2617 1451 2675 patris
