1783 3282
251 250 317 296 176
838 250 1022 285 JUSTINI

247 334 334 387 die,
364 349 448 392 qua
484 333 527 374 in
561 331 686 375 Italia
715 342 957 393 pugnatum
982 341 1075 385 est,
1095 340 1137 372 et
1158 330 1391 384 Corintho,
1419 340 1459 372 et
1483 329 1610 373 Athe-

250 414 336 466 nis,
363 422 405 454 et
429 411 740 455 Lacedaemone
767 412 966 453 nuntiata
991 418 1053 451 est
1077 410 1270 451 victoria.

313 494 389 535 IV.
411 493 515 534 Post
531 491 623 533 haec
638 488 995 534 Crotoniensibus
1014 485 1134 530 nulla
1151 487 1324 530 virtutis
1345 488 1611 542 exercitatio,

251 570 371 614 nulla
394 586 616 613 armorum
640 584 743 612 cura
762 567 856 610 fuit.
883 565 1079 610 Oderant
1103 565 1237 621 enim,
1264 581 1358 624 quae
1384 565 1612 609 infeliciter

251 658 544 709 sumpserant3
568 656 894 704 mutassentque
915 646 1049 687 vitam
1071 643 1262 698 luxuria,
1288 645 1331 685 ni
1344 644 1611 703 Pythagoras

251 728 533 789 philosophus
561 726 721 769 fuisset.
747 724 827 768 Hic
857 724 973 767 Sami
1003 725 1260 777 Demarato,
1287 720 1503 782 locuplete
1536 738 1612 765 ne-

251 809 481 868 gotiatore,
512 815 657 858 natus,
696 804 949 864 magnisque
977 803 1195 862 sapientiae
1228 802 1505 844 incrementis
1526 800 1615 844 for-

250 896 410 940 matus,
428 887 662 945 AEgyptum
684 884 824 943 primo
840 899 964 937 ,mox
987 880 1271 941 Babyloniam
1289 880 1343 923 ad
1367 879 1614 940 perdiscen-

252 966 328 1009 dos
362 964 551 1007 siderum
588 971 756 1014 motus,
792 962 1092 1020 originemque
1123 959 1276 1002 mundi
1313 959 1614 1019 spectandam,

251 1043 491 1104 profectus,
534 1056 746 1084 summam
791 1040 1014 1082 scientiam
1060 1048 1315 1082 consecutus
1357 1047 1463 1080 erat.
1506 1038 1613 1082 Inde

253 1137 471 1183 regressus
495 1122 670 1164 Cretam
696 1128 737 1162 et
753 1117 1082 1173 Lacedaemona,
1108 1116 1162 1160 ad
1188 1116 1508 1177 cognoscendas
1533 1118 1615 1160 Mi-

252 1201 345 1244 nois
371 1210 413 1243 et
437 1200 626 1259 Lycurgi
650 1196 829 1257 inclytas
863 1213 911 1240 ea
939 1206 1192 1257 tempestate
1221 1194 1360 1256 leges,
1387 1195 1616 1239 contende-

252 1290 332 1324 rat.
367 1279 539 1336 Quibus
575 1278 776 1320 omnibus
808 1277 1065 1330 instructus,
1101 1276 1338 1319 Crotonam
1371 1276 1510 1329 venit,
1538 1292 1614 1335 po-

253 1358 492 1420 pulumque
510 1359 554 1400 in
569 1356 785 1400 luxuriam
812 1354 1006 1415 lapsum,
1032 1355 1290 1398 auctoritate
1314 1370 1390 1397 sua
1412 1354 1466 1397 ad
1490 1371 1617 1397 usum

252 1437 513 1498 frugalitatis
551 1436 782 1479 revocavit.
827 1433 1053 1478 Laudabat
1086 1433 1280 1493 quotidie
1311 1435 1540 1487 virtutem3
1574 1443 1615 1476 et

253 1518 356 1559 vitia
384 1516 584 1570 luxuriae,
614 1530 824 1573 casusque
841 1514 1103 1569 civitatium,
1127 1529 1177 1556 ea
1197 1523 1315 1573 peste
1329 1512 1614 1572 perditarum,

251 1595 551 1650 enumerabat3
579 1603 838 1652 tantumque
870 1592 1062 1635 studium
1093 1591 1147 1635 ad
1183 1591 1477 1652 frugalitatem
1506 1591 1616 1634 mul-

251 1674 448 1717 titudinis
476 1673 730 1734 provocavit
746 1707 756 1727 ,
780 1682 828 1715 ut
853 1671 1022 1735 aliquos
1049 1688 1099 1714 ex
1130 1672 1195 1714 his
1217 1670 1458 1714 luxuriatos
1484 1671 1616 1714 incre-

251 1752 382 1796 dibile
409 1752 642 1796 videretur.
669 1754 977 1795 Matronarum
997 1767 1172 1811 quoque
1197 1761 1443 1811 separatam
1464 1767 1487 1794 a
1513 1751 1619 1793 viris

252 1833 519 1887 doctrinam,
554 1841 596 1874 et
632 1847 868 1891 puerorum
905 1847 930 1873 a
956 1831 1230 1891 parentibus,
1268 1829 1516 1889 frequenter
1547 1830 1618 1872 ha-

250 1912 358 1954 buit.
379 1910 574 1954 Docebat
598 1927 714 1953 nunc
734 1910 811 1953 has
828 1910 1111 1970 pudicitiam,
1131 1919 1172 1952 et
1194 1910 1398 1969 obsequia
1416 1910 1458 1951 in
1484 1910 1618 1965 viros3

252 2007 369 2033 nunc
396 1989 491 2033 illos
513 1989 792 2043 modestiam,
817 1999 859 2032 et
884 1989 1127 2032 litterarum
1152 1988 1358 2032 studium.
1389 1991 1508 2032 lnter
1531 1989 1620 2032 haec

253 2068 370 2112 velut
397 2069 651 2129 genitricem
680 2069 889 2111 virtutum
912 2067 1205 2128 frugalitatem
1226 2068 1427 2111 omnibus
1457 2069 1620 2128 ingere-

252 2149 346 2201 bat3
377 2158 724 2206 consecutusque
755 2147 1100 2207 disputationum
1138 2147 1388 2190 assiduitate
1426 2158 1542 2203 erat,
1574 2158 1622 2191 ut

251 2238 458 2270 matronae
483 2237 656 2270 auratas
680 2237 844 2281 vestes,
879 2236 1105 2286 ceteraque
1129 2226 1352 2287 dignitatis
1382 2243 1468 2270 suae
1500 2244 1622 2270 orna-

253 2316 422 2360 menta,
459 2306 573 2349 velut
603 2308 892 2349 instrumenta
923 2304 1105 2347 luxuriae
1124 2338 1134 2358 ,
1163 2305 1459 2365 deponerent,
1487 2323 1622 2366 eaque

253 2386 399 2428 omnia
427 2384 566 2428 delata
608 2386 651 2427 in
687 2385 872 2427 Junonis
899 2383 1032 2426 aedem
1062 2384 1143 2442 ipsi
1175 2384 1263 2427 deae
1297 2396 1621 2442 consecrarent,

253 2480 341 2523 prae
378 2480 421 2506 se
461 2463 665 2517 ferentes,
698 2478 798 2505 vera
831 2473 1088 2505 ornamenta
1118 2473 1418 2506 matronarum
1456 2464 1623 2524 pudici-

254 2546 357 2586 tiam
374 2578 384 2596 ,
409 2560 496 2586 non
523 2553 686 2597 vestes,
713 2559 818 2586 esse.
849 2546 899 2586 In
930 2544 1160 2602 juventute
1196 2560 1372 2602 quoque
1408 2554 1621 2603 quantum

253 2623 534 2683 profligatum
558 2623 634 2677 sit,
659 2623 763 2665 victi
786 2622 1044 2665 feminarum
1074 2633 1351 2666 contumaces
1379 2624 1509 2665 animi
1529 2640 1620 2667 ma-
