1783 3282
341 278 409 314 156
923 280 1110 314 JUSTINI

336 362 487 422 gustiis
506 361 679 405 sibimet
702 362 860 405 inclusi
876 362 1157 415 videbantur,
1173 362 1358 419 vitaeque
1380 360 1509 402 finem
1527 375 1615 402 non
1631 376 1702 402 an-

336 456 493 482 norum
513 441 670 500 spatio,
693 440 767 484 sed
788 441 960 499 imperii
984 439 1178 482 terminis
1200 439 1508 481 metiebantur.

398 520 453 560 II.
478 521 530 561 In
558 535 608 561 eo
639 518 753 563 bello
779 517 1088 577 Lysimachus,
1115 517 1281 559 amissis
1306 527 1405 559 ante
1432 517 1565 559 variis
1594 518 1702 559 casi-

335 597 414 639 bus
432 612 492 639 xv
506 597 672 652 liberis,
696 614 785 640 non
808 597 1031 639 instrenue
1055 596 1264 649 moriens,
1281 605 1527 654 postremus
1547 595 1702 638 domus

336 692 422 718 suae
445 677 580 719 ruinae
607 674 808 719 cumulus
836 675 1026 718 accessit.
1052 677 1196 717 Laetus
1216 683 1338 716 tanta
1358 675 1541 716 victoria
1559 673 1704 717 Seleu-

335 771 432 808 cus,
452 763 494 797 et
517 754 635 813 quod
657 755 796 814 majus
820 755 1000 797 victoria
1020 753 1222 813 putabat,
1240 751 1380 795 solum
1404 769 1447 795 se
1462 752 1514 794 de
1529 752 1706 795 cohorte

339 831 576 876 Alexandri
603 834 879 887 remansisse,
907 833 1206 891 victoremque
1231 832 1449 874 victorum
1472 831 1706 883 exstitisse,

338 912 478 955 «Non
500 911 741 954 humanum
770 928 858 954 esse
888 927 1018 970 opus,
1047 911 1123 953 sed
1151 910 1348 952 divinum
1379 925 1592 964 munus,»
1618 907 1708 969 glo-

340 990 477 1031 riatur
500 1005 508 1030 ε
533 989 709 1048 ignarus
734 1005 931 1048 prorsus,
959 1005 1047 1032 non
1070 987 1210 1031 multo
1234 997 1331 1047 post
1361 986 1605 1047 fragilitatis
1628 987 1708 1029 hu-

341 1083 477 1110 manae
505 1084 549 1110 se
577 1068 720 1127 ipsum
749 1066 997 1127 exemplum
1021 1067 1232 1110 futurum.
1257 1067 1435 1125 Quippe
1463 1076 1560 1124 post
1586 1083 1708 1109 men-

338 1163 403 1189 ses
428 1146 666 1189 admodum
698 1156 864 1205 septem
887 1163 911 1189 a
932 1145 1185 1199 Ptolemaeo,
1221 1146 1342 1204 cujus
1369 1160 1562 1187 sororem
1587 1146 1709 1203 Lysi·

340 1227 518 1269 machus
558 1227 601 1268 in
634 1227 915 1269 matrimonio
941 1226 1173 1280 habuerat,
1206 1241 1284 1284 per
1316 1223 1491 1267 insidias
1526 1224 1709 1266 circum-

340 1314 494 1347 ventus
529 1305 767 1360 occiditur3
809 1322 1080 1365 regnumque
1119 1304 1407 1359 Macedoniae,
1436 1303 1554 1363 quod
1588 1304 1709 1363 Lysi-

340 1384 493 1427 macho
517 1385 754 1443 eripuerat,
781 1400 881 1427 cum
906 1385 995 1427 vita
1018 1385 1182 1443 pariter
1206 1383 1378 1426 amittit.
1404 1383 1543 1442 Igitur
1566 1381 1710 1425 Ptole·
1748 1411 1751 1413 -

341 1479 472 1505 maeus
505 1479 640 1521 quum
681 1473 723 1505 et
757 1464 800 1505 in
835 1464 1018 1522 gratiam
1055 1462 1273 1504 memoriae
1313 1462 1457 1520 magni
1488 1459 1709 1503 Ptolemaei

340 1541 495 1599 patris,
511 1550 551 1582 et
571 1542 615 1582 in
635 1541 826 1583 favorem
846 1540 1024 1583 ultionis
1047 1540 1293 1599 Lysimachi
1317 1539 1569 1582 ambitiosus
1592 1539 1709 1599 apud

340 1618 570 1679 populares
606 1630 738 1674 esset,
769 1621 910 1679 primo
946 1620 1195 1679 Lysimachi
1223 1617 1333 1662 filios
1362 1618 1591 1661 conciliare
1629 1619 1708 1662 sib1

340 1699 516 1749 statuit3
542 1699 806 1758 nuptiasque
830 1699 1036 1742 Arsinoes
1065 1700 1224 1742 sororis
1252 1715 1356 1752 suae,
1380 1699 1531 1740 matris
1556 1714 1708 1741 eorum

341 1778 473 1835 petit,
490 1794 728 1836 puerorum
753 1778 987 1837 adoptione
1010 1779 1241 1837 promissa3
1265 1788 1332 1831 ut,
1347 1794 1482 1837 quum
1497 1778 1541 1819 in
1564 1776 1709 1820 locum

341 1858 475 1914 patris
505 1873 654 1899 eorum
685 1858 975 1911 successisset,
1000 1856 1109 1900 nihil
1140 1856 1201 1900 illi
1227 1856 1370 1899 moliri
1398 1855 1466 1898 vel
1500 1872 1710 1898 verecun-

343 1934 411 1976 dia
431 1936 599 1989 matris,
622 1935 689 1977 vel
714 1935 1007 1995 appellatione
1022 1936 1156 1996 patris
1171 1936 1395 1978 auderent.
1418 1936 1579 1978 Fratris
1603 1952 1710 1994 quo-

342 2030 447 2072 que,
472 2015 584 2074 regis
607 2016 800 2075 AEgypti,
825 2015 1103 2059 concordiam
1124 2032 1201 2075 per
1219 2014 1420 2075 epistolas
1437 2015 1709 2074 deprecatur,

343 2092 558 2152 professus
574 2129 585 2148 ,
611 2096 876 2153 «Deponere
900 2111 944 2137 se
968 2094 1178 2137 offensam
1206 2096 1343 2154 erepti
1366 2094 1534 2153 paterni
1568 2094 1709 2153 regni,

343 2188 482 2231 neque
511 2170 698 2231 amplius
726 2189 750 2215 a
784 2172 917 2215 fratre
947 2175 1249 2232 quaesiturum,
1279 2172 1396 2232 quod
1429 2173 1652 2216 honestius
1687 2189 1710 2215 a

344 2260 525 2310 paterno
556 2252 679 2294 hoste
712 2253 1004 2312 perceperit.»
1042 2254 1262 2312 Omnique
1285 2263 1377 2296 arte
1401 2252 1602 2295 adulatur
1624 2255 1711 2296 Eu-

342 2331 457 2372 meni
487 2340 530 2372 et
558 2332 800 2391 Antigono,
835 2333 1049 2374 Demetrii
1078 2330 1195 2386 filiis,
1233 2332 1473 2384 Antiocho,
1508 2331 1596 2376 filio
1633 2333 1708 2375 Se-

343 2407 475 2463 leuci,
500 2425 600 2451 cum
619 2410 776 2468 quibus
798 2409 960 2453 bellum
983 2410 1211 2453 habiturus
1235 2421 1345 2465 erat,
1367 2428 1421 2454 ne
1451 2413 1604 2455 tertius
1627 2412 1707 2454 sibi

341 2486 476 2529 hostis
505 2487 739 2530 accederet.
770 2488 851 2531 Sed
881 2505 958 2531 nec
985 2489 1198 2548 Pyrrhus,
1230 2507 1301 2533 rex
1329 2491 1474 2550 Epiri,
1498 2491 1680 2533 omissus
1697 2525 1707 2545 ,

343 2566 493 2625 ingens
518 2576 789 2610 momentum
818 2567 1008 2621 futurus,
1034 2570 1097 2611 uti
1126 2570 1238 2628 parti
1267 2570 1406 2612 socius
1438 2570 1704 2612 accessisset:

343 2644 418 2703 qui
441 2654 483 2687 et
507 2646 597 2704 ipse
622 2645 807 2704 spoliare
831 2647 1023 2706 singulos
1049 2649 1248 2707 cupiens,
1272 2649 1474 2691 omnibus
1509 2665 1551 2691 se
1573 2648 1707 2707 parti-
