1783 3282
122 259 805 272 §twwmnumummmmwsmmxnnnmmvwnu===
811 259 1487 272 ====ux==szxsu-xuxvstnusstnmsxx======ae====s=v⁴

462 467 1158 536 ADNOTATIONES

648 663 711 706 IN
746 663 969 707 JUSTINI

264 814 722 870 HISTORIAS
761 816 1336 874 PHILIPPICAS.

592 1232 639 1260 IN
675 1233 1027 1262 PRAEFATIONEM.

178 1328 299 1363 Simul
313 1335 353 1362 ut
367 1334 405 1361 et
420 1327 489 1362 otii
509 1327 601 1370 mei,
621 1327 722 1371 cujus
747 1335 784 1361 et
804 1327 897 1363 Cato
919 1330 1148 1364 reddendam
1162 1329 1473 1378 (operam)putat
1485 1359 1494 1373 ‚

122 1391 228 1437 apud
245 1396 280 1423 te
304 1388 400 1423 ratio
425 1395 622 1423 constaret.
643 1388 795 1423 Catonis
821 1389 1096 1437 apophthegma
1111 1391 1159 1424 ab
1182 1391 1360 1426 Cicerone
1388 1393 1497 1427 etiam

121 1451 304 1495 refertur,
339 1451 399 1487 Or.
428 1462 504 1497 pro
538 1450 691 1492 Plana,
730 1462 759 1485 c.
789 1461 834 1494 27
866 1464 873 1484 :
912 1451 1090 1486 «Etenim
1123 1453 1174 1486 M.
1203 1453 1354 1487 Catonis
1387 1454 1498 1496 illud,

122 1511 225 1559 quod
246 1511 285 1546 in
312 1511 500 1559 principio
523 1511 667 1557 scripsit
687 1510 877 1558 Originum
907 1524 1072 1555 suarum,
1093 1524 1237 1559 semper
1261 1513 1497 1560 magnificum

126 1580 162 1607 et
186 1573 404 1619 praeclarum
431 1571 560 1619 putavi
590 1584 598 1605 .·
631 1571 823 1607 Clarorum
847 1573 1010 1607 virorum
1036 1580 1150 1620 atque
1179 1586 1395 1621 magnorum
1426 1588 1498 1609 nou

124 1634 246 1668 minus
264 1634 335 1669 otii
355 1646 468 1681 quam
488 1633 631 1680 negotii
653 1633 836 1669 rationem
861 1642 1013 1669 exstare
1037 1643 1218 1682 oportere.
1237 1650 1251 1665 »
1266 1636 1389 1678 Quare
1417 1648 1497 1670 voc.

123 1708 276 1742 operam
311 1695 414 1729 uncis
464 1694 647 1729 inclusum
691 1695 738 1729 ab
770 1694 937 1738 editore,
963 1696 1047 1730 licet
1080 1708 1157 1730 non
1200 1696 1497 1743 improbabiliter

123 1770 143 1791 a
170 1757 229 1792 Fr.
253 1755 450 1791 Gronovio
473 1755 695 1803 explicatum
721 1756 767 1790 ad
786 1756 886 1800 Liv.,
909 1769 962 1791 111
979 1784 988 1801 ,
1011 1756 1077 1800 63,
1102 1759 1120 1800 ς
1147 1756 1166 1790 3
1191 1769 1198 1790 :
1226 1763 1331 1804 putat
1348 1757 1399 1792 ita
1419 1759 1496 1792 exi-

123 1817 289 1864 gendum
315 1817 451 1861 otium,
472 1823 511 1852 ut
525 1816 634 1852 etiam
649 1846 658 1863 ,
685 1817 787 1864 quod
806 1829 874 1864 per
899 1817 992 1852 illud
1013 1817 1163 1861 feceris,
1189 1830 1282 1864 opus
1301 1825 1496 1864 appareat:

123 1891 199 1926 quo
218 1879 335 1913 modo
364 1878 438 1914 Cic.
462 1878 559 1913 dixit
583 1879 637 1912 ad
665 1879 778 1913 Ateic.
793 1906 804 1922 ,
832 1891 897 1922 xv,
926 1878 970 1913 13
994 1892 1002 1912 :
1026 1895 1040 1910 «
1058 1878 1227 1914 Exstabit
1245 1891 1361 1925 opem
1388 1892 1496 1926 pere-

122 1940 346 1987 grinationis
369 1940 488 1986 hujus.
508 1956 522 1971 2>

520 2055 577 2088 IN
606 2053 829 2088 LIBRUM
856 2054 1095 2089 PRIMUM.

177 2156 439 2192 Animadverti
474 2156 586 2190 debet
616 2157 781 2202 Trogum
807 2157 1026 2203 Pompeium
1056 2157 1093 2191 in
1127 2158 1237 2192 rebus
1268 2159 1498 2206 Assyriorum

125 2217 227 2267 (cap.
249 2217 364 2267 1—111)
390 2217 614 2264 expressisse
639 2217 894 2252 narrationem
913 2217 1041 2253 Ctesiae
1062 2218 1187 2253 Cnidii
1213 2219 1251 2253 in
1275 2219 1500 2270 Aaoupmok,

125 2281 164 2315 in
191 2280 351 2315 Medicis
385 2292 476 2314 vero
504 2286 540 2314 et
565 2278 720 2314 Persicis
744 2278 980 2314 Herodotum
1006 2279 1078 2314 sibi
1101 2280 1253 2327 elegisse
1276 2282 1425 2325 ducem,
1452 2282 1500 2316 ita

125 2349 266 2385 tamen,
292 2349 330 2375 ut
351 2353 396 2376 ex
418 2342 535 2376 Ctesia
552 2367 561 2385 ,
588 2341 625 2375 in
651 2340 819 2387 plurimis
847 2340 932 2375 licet
956 2340 1216 2384 dissentiente,
1243 2343 1377 2378 omissa
1397 2356 1498 2390 quae-

126 2402 213 2437 dam
240 2403 449 2449 suppleret,
479 2415 508 2437 e.
540 2414 569 2436 e.
598 2401 763 2436 Soebaris
790 2414 872 2436 cum
902 2402 999 2449 Cyro
1024 2402 1250 2437 sodalitium.

178 2465 263 2499 Cn.
285 2465 314 2498 I.
344 2465 459 2498 Fuere
478 2463 626 2511 quidem
646 2463 871 2509 temporibus
896 2464 1124 2511 antiquiores
1138 2463 1303 2514 (Nino),
1325 2466 1501 2500 Sesostris

128 2526 301 2574 AEgypti,
327 2534 362 2560 ee
379 2525 540 2571 Scythice
559 2536 625 2558 rex
650 2525 683 2558 Τ
681 2536 813 2558 (maus.
827 2524 1051 2572 Refragatur
1075 2526 1151 2560 haec
1163 2532 1375 2572 temporum
1401 2526 1498 2561 ratio

127 2587 372 2636 scriptoribus
385 2586 537 2630 ceteris,
558 2592 742 2631 quotquot
764 2592 849 2619 sunt
862 2612 872 2629 ‚
891 2598 968 2620 uno
984 2594 1140 2634 excepto
1160 2587 1315 2634 Agathia
1330 2587 1443 2630 Hist„
1466 2600 1477 2621 1
1491 2614 1500 2630 ‚

129 2663 157 2685 c.
190 2649 235 2686 18
250 2677 259 2695 ,
279 2662 312 2696 p.
344 2648 431 2692 103,
455 2647 512 2682 ed.
539 2647 719 2683 Niebuhr.
739 2646 889 2692 :junior
903 2647 1002 2681 enim
1027 2647 1129 2682 Nino
1151 2647 1326 2682 Sesostris
1349 2648 1396 2682 ab
1415 2660 1500 2682 om-
