1783 3282
475 286 823 321 HISTORIARUM
853 288 942 322 LIB.
973 289 1114 326 XVIII.
1411 290 1479 326 165

117 370 243 411 simas
262 378 406 428 partes
432 370 564 411 secari
586 369 730 428 jubet,
758 379 888 428 atque
913 371 970 411 ita
992 373 1129 429 majus
1156 372 1237 414 loci
1267 373 1478 432 spatium,

116 463 246 505 quam
273 448 473 506 petierat,
500 457 712 508 occupat:
739 447 852 490 unde
878 457 1026 507 postea
1054 449 1091 490 ei
1116 447 1211 491 loco
1236 453 1376 508 Byrsae
1407 467 1479 492 no-

116 541 214 567 men
235 524 328 567 fuit.
347 525 679 569 Confluentihus
706 526 861 569 deinde
881 527 1030 568 vicinis
1058 524 1276 581 locorum,
1305 529 1378 586 qui
1406 545 1479 588 spe

116 602 226 645 lucri
251 603 388 646 multa
412 604 656 665 hospitibus
690 603 855 648 venalia
887 604 1152 660 inferebant,
1189 604 1393 663 sedesque
1424 607 1478 648 ibi

118 683 427 739 statuentibus,
453 700 503 726 ex
525 683 768 742 frequentia
787 684 1015 726 hominum
1036 681 1153 725 velut
1174 683 1310 724 instar
1331 684 1478 725 civita-

117 762 170 804 tis
187 761 387 805 effectum
407 771 481 805 est.
513 763 785 805 Uticensium
804 778 978 821 quoque
1005 760 1132 821 legati
1153 761 1286 816 dona,
1308 770 1355 803 ut
1381 778 1481 804 con-

118 842 384 899 sanguineis,
411 839 675 894 attulerunt;
702 840 950 899 hortatique
970 850 1093 896 sunt,
1120 840 1271 883 urbem
1298 839 1354 882 ibi
1381 856 1476 882 con-

116 918 288 973 derent,
319 918 393 961 ubi
421 918 539 962 sedes
569 919 708 962 sortiti
746 929 898 962 essent.
931 918 1014 962 Sed
1041 928 1083 962 et
1108 918 1235 963 Afros
1261 917 1478 962 detinendi

117 996 301 1040 advenas
320 1013 440 1040 amor
457 999 582 1058 cepit.
602 1000 754 1057 Itaque
772 998 1139 1041 consentientibus
1157 997 1357 1040 omnibus
1375 998 1480 1040 Car-

116 1076 248 1136 thago
275 1077 500 1133 conditur,
536 1086 698 1120 statuto
725 1093 871 1120 annuo
891 1075 1089 1137 vectigali
1115 1093 1195 1137 pro
1228 1074 1318 1119 solo
1345 1076 1477 1118 urbis.

116 1158 166 1198 In
199 1156 349 1215 primis
386 1155 677 1199 fundamentis
713 1166 845 1216 caput
878 1154 1092 1198 bubulum
1128 1156 1354 1199 inventum
1393 1164 1478 1207 est;

116 1234 233 1292 quod
254 1236 494 1294 auspicium
515 1235 689 1294 quidem
714 1235 945 1277 fructuosae
967 1243 1114 1289 terrae,
1143 1234 1216 1277 sed
1233 1233 1478 1288 laboriosae,

116 1322 412 1371 perpetuoque
438 1329 568 1355 servae
592 1313 711 1356 urbis
732 1312 814 1355 fuit
833 1329 841 1355 :
864 1322 1042 1372 propter
1060 1312 1178 1372 quod
1198 1313 1241 1354 in
1267 1310 1399 1354 alium
1421 1311 1481 1354 lo-

116 1407 214 1432 cum
249 1390 352 1433 urbs
388 1390 607 1434 translata.
645 1392 711 1434 Ibi
738 1406 912 1450 quoque
944 1391 1043 1449 equi
1079 1399 1210 1449 caput
1240 1399 1480 1449 repertum,

115 1469 365 1513 bellicosum
393 1480 701 1530 potentemque
734 1469 947 1531 populum
985 1470 1183 1513 futurum
1214 1468 1479 1528 significans,

116 1549 214 1591 urbi
244 1551 510 1610 auspicatam
540 1549 682 1594 sedem
709 1549 837 1593 dedit.
862 1551 986 1592 Tunc
1012 1548 1066 1591 ad
1091 1548 1338 1607 opinionem
1360 1563 1480 1589 novae

117 1629 234 1672 urbis
260 1629 619 1673 concurrentibus
649 1629 871 1690 gentibus,
897 1628 1017 1671 brevi
1046 1637 1088 1670 et
1113 1625 1326 1687 populus,
1352 1635 1394 1668 et
1420 1625 1479 1668 ci-

116 1709 222 1752 vitas
247 1725 405 1769 magna
422 1710 548 1754 facta.

179 1790 252 1832 VI.
290 1789 442 1844 Quum
459 1805 659 1833 successu
686 1807 832 1833 rerum
855 1791 1057 1833 florentes
1078 1788 1354 1847 Carthaginis
1377 1802 1477 1846 opes

114 1877 277 1923 essent,
301 1884 376 1911 rex
392 1869 717 1912 Maxitanorum
731 1869 934 1923 Hiarbas,
953 1868 1099 1911 decem
1116 1869 1350 1910 Poenorum
1366 1866 1479 1924 prin-

113 1947 281 2007 cipibus
305 1947 360 1990 ad
386 1963 429 1990 se
459 1948 692 2003 arcessitis,
717 1947 862 1991 Elissae
883 1948 1056 2007 nuptias
1083 1946 1162 1989 sub
1188 1944 1288 1988 belli
1312 1944 1479 1986 denun-

112 2027 292 2070 tiatione
327 2027 436 2086 petit
465 2043 473 2068 :
511 2026 630 2086 quod
664 2025 793 2087 legati
832 2027 990 2086 reginae
1027 2025 1185 2068 referre
1217 2032 1478 2078 metuentes,

113 2106 274 2164 punico
309 2121 407 2148 eum
446 2122 495 2148 ea
535 2106 709 2165 ingenio
747 2116 955 2166 egerunt,
990 2105 1262 2158 nuntiantes,
1296 2118 1478 2161 «regem

112 2183 299 2243 aliquem
323 2200 518 2244 poscere,
547 2186 621 2244 qui
646 2184 850 2228 cultiores
874 2186 1013 2227 victus
1033 2200 1131 2226 eum
1150 2182 1364 2240 Afrosque
1382 2196 1477 2240 per-

112 2264 266 2307 doceat
300 2281 308 2306 :
339 2263 413 2307 sed
439 2280 568 2324 quem
606 2265 792 2307 inveniri
825 2280 970 2325 posse,
1000 2264 1073 2322 qui
1107 2262 1161 2305 ad
1191 2261 1404 2305 Barbaros
1437 2268 1479 2302 et

112 2343 300 2385 serarum
325 2359 444 2386 more
472 2344 665 2387 viventes
692 2344 875 2386 transire
898 2360 922 2386 a
949 2342 1280 2402 consanguineis
1309 2338 1440 2383 velit?
1458 2358 1477 2378 ³>

111 2424 234 2465 Tunc
259 2438 280 2463 a
306 2422 454 2481 regina
473 2423 692 2482 castigati,
718 2423 751 2465 si
774 2438 852 2482 pro
886 2420 1022 2465 salute
1046 2423 1194 2482 patriae
1215 2421 1475 2481 asperiorem

112 2502 242 2543 vitam
266 2512 534 2557 recusarent,
555 2503 624 2544 cui
649 2503 775 2545 etiam
800 2503 892 2561 ipsa
918 2503 1032 2558 vita,
1059 2501 1093 2544 si
1119 2517 1186 2543 res
1213 2501 1376 2559 exigat,
1403 2498 1476 2540 de-

111 2581 287 2634 beatur,
313 2581 424 2640 regis
463 2580 666 2624 mandata
700 2597 930 2641 aperuere,
959 2582 1170 2631 dicentes,
1199 2596 1293 2638 quae
1328 2578 1476 2637 praeci—

112 2660 201 2718 piat
233 2657 345 2715 aliis,
376 2660 456 2719 ipsi
501 2660 693 2703 facienda
728 2677 843 2716 esse,
887 2662 919 2703 si
967 2659 1065 2703 velit
1100 2660 1197 2702 urbi
1231 2656 1475 2701 consultum
