1783 3282
313 259 359 294 0ss
900 256 1085 290 JUSTINI

314 343 457 384 Prima
484 340 618 398 igitur
655 339 956 398 congressione
982 337 1237 380 funduntur.
1272 335 1435 380 Deletis
1461 336 1548 393 jam
1579 350 1675 376 suo-

316 436 410 462 rum
438 418 590 477 copiis,
613 418 863 477 supervenit
886 433 959 459 rex
980 414 1226 475 Agesilaus,
1251 413 1335 473 qui‘
1348 415 1551 456 restituto
1571 428 1681 472 proe-

316 497 395 551 lio,
417 513 504 539 nou
529 495 780 547 difficulter,
808 495 970 537 recenti
991 503 1034 535 et
1062 492 1209 535 multis
1239 492 1587 551 expeditionibus
1619 492 1682 533 in-

316 576 470 618 durato
505 574 670 628 milite,
703 574 898 616 hostibus
937 572 1164 614 victoriam
1199 572 1378 630 eripuit;
1413 572 1503 630 ipse
1539 580 1681 613 tamen

317 655 503 714 graviter
522 654 750 696 sauciatur.

379 734 431 775 V.
458 732 630 787 Quibus
654 730 782 772 rebus
816 730 1019 789 cognitis,
1047 728 1332 771 Athenienses
1355 737 1573 782 verentes,
1600 743 1653 769 ne
1671 761 1681 779 ,

318 813 476 854 iterum
515 808 853 853 Lacedaemoniis
886 807 1147 860 victoribus,
1182 806 1226 848 in
1264 806 1492 865 pristinam
1523 814 1683 848 sortem

319 889 536 932 servitutis
571 887 891 946 redigerentur,
917 887 1154 928 exercitum
1187 884 1472 934 contrahunt,
1499 899 1684 943 eumque

320 969 362 1010 in
386 966 594 1010 auxilium
622 965 887 1007 Boeotiorum
912 980 988 1023 per
1016 964 1301 1023 Iphicratem,
1327 964 1479 1023 viginti
1508 962 1683 1022 quidem

321 1063 455 1089 annos
479 1054 650 1099 natum,
675 1043 748 1086 sed
772 1060 937 1103 magnae
964 1042 1119 1086 indolis
1145 1044 1369 1102 juvenem,
1393 1043 1492 1087 duci
1512 1043 1682 1102 jubent.

320 1126 459 1183 Hujus
485 1122 766 1166 adolescentis
788 1138 917 1182 supra
946 1132 1114 1165 aetatem
1140 1123 1276 1165 virtus
1299 1121 1563 1164 admirabilis
1582 1121 1685 1175 fuit3

322 1218 399 1244 nee
423 1217 616 1259 unquam
644 1211 742 1244 ante
771 1217 869 1243 eum
894 1201 1196 1255 Athenienses,
1230 1201 1343 1243 inter
1366 1210 1432 1243 tot
1457 1209 1686 1259 tantosque

323 1280 472 1335 duces,
495 1289 570 1322 aut
597 1279 686 1338 spei
711 1279 910 1339 majoris,
939 1288 1013 1322 aut
1041 1278 1196 1322 indolis
1225 1279 1474 1322 maturioris
1502 1279 1686 1338 impera-

325 1368 462 1400 torem
497 1358 745 1400 habuerunt
782 1375 789 1399 :
824 1358 866 1399 in
907 1374 993 1416 quo
1036 1374 1121 1400 non
1169 1358 1457 1416 imperatoriae
1495 1367 1686 1410 tantum,
1744 1415 1746 1417 ‚

324 1452 475 1479 verum
514 1445 556 1478 et
591 1436 789 1479 oratoriae
820 1445 932 1478 artes
961 1435 1093 1478 fuere.
1128 1438 1280 1479 Conon
1312 1452 1503 1494 quoque,
1539 1435 1687 1478 audito

325 1514 467 1557 reditu
496 1513 705 1574 Agesilai,
731 1523 772 1556 et
796 1514 886 1573 ipse
912 1530 963 1556 ex
991 1514 1090 1556 Asia
1115 1514 1168 1556 ad
1194 1512 1464 1573 populandos
1490 1513 1689 1556 Lacedae-

326 1593 570 1635 moniorum
593 1608 718 1651 agros
739 1592 992 1645 revertitur,
1019 1601 1148 1651 atque
1172 1593 1250 1647 ita,
1270 1591 1461 1650 undique
1481 1590 1582 1634 belli
1599 1592 1688 1634 for-

326 1670 485 1713 midine
506 1671 909 1729 circumstrepente,
933 1669 1065 1713 clausi
1088 1670 1288 1729 Spartani
1311 1670 1364 1712 ad
1387 1686 1600 1713 summam
1619 1670 1691 1713 de·-

327 1749 612 1808 sperationem
643 1748 914 1808 rediguntur.
955 1749 1037 1792 Sed
1076 1750 1248 1802 Conon,
1283 1750 1459 1791 vastatis
1500 1749 1689 1792 hostium

327 1827 471 1881 terris,
492 1827 683 1871 Athenas
707 1828 845 1887 pergit
873 1845 880 1869 :
907 1828 981 1870 ubi
1000 1844 1158 1887 magno
1179 1828 1337 1870 civium
1360 1828 1516 1887 gaudio
1540 1844 1692 1888 excep-

328 1915 415 1960 tus,
440 1904 538 1964 plus
562 1915 704 1948 tamen
731 1906 915 1948 tristitiae
938 1906 1028 1964 ipse
1049 1922 1099 1948 ex
1123 1907 1303 1948 incensa
1324 1916 1366 1949 et
1392 1906 1536 1948 diruta
1559 1923 1583 1949 a
1605 1908 1690 1949 La-

329 1983 600 2026 cedaemoniis
644 1984 799 2043 patria,
840 2000 968 2042 quam
1012 1983 1166 2026 laetitiae
1210 2000 1260 2026 ex
1300 1994 1555 2043 recuperata
1594 1995 1693 2044 post

329 2071 497 2104 tantum
524 2062 757 2121 temporis,
795 2062 922 2121 cepit.
956 2063 1129 2121 Itaque,
1159 2078 1252 2121 quae
1285 2063 1459 2105 incensa
1495 2062 1691 2119 fuerant,

331 2139 573 2198 praedarum
597 2149 774 2199 sumptu
799 2150 841 2182 et
861 2140 1052 2182 exercitu
1087 2142 1317 2183 Persarum
1356 2141 1566 2194 restituit3
1598 2158 1693 2200 quae

331 2218 473 2261 diruta
497 2218 688 2273 fuerant,
719 2218 871 2261 reficit.
900 2220 1054 2260 Fatum
1083 2217 1189 2260 illud
1219 2219 1488 2262 Athenarum
1513 2219 1613 2274 fuit,
1644 2230 1693 2263 ut

329 2306 427 2339 ante
446 2313 469 2339 a
486 2297 626 2339 Persis
650 2306 868 2349 crematae,
890 2296 1089 2338 manibus
1113 2313 1283 2351 eorum,
1306 2307 1349 2339 et
1372 2314 1488 2340 nunc
1512 2314 1536 2340 a
1559 2300 1693 2341 Lace-

330 2374 550 2418 daemoniis
577 2374 749 2429 dirutae,
775 2391 825 2417 ex
848 2374 994 2434 spoliis
1017 2375 1464 2431 Lacedaemoniorum,
1492 2377 1693 2420 restitue-

328 2463 479 2496 rentur
504 2471 513 2495 ς
539 2470 662 2496 versa
684 2469 857 2513 quoque
880 2454 972 2495 vice
987 2487 997 2507 ,
1028 2470 1144 2496 nunc
1167 2454 1377 2497 haberent
1403 2455 1560 2507 socios,
1585 2471 1694 2514 quos

330 2542 432 2575 tunc
456 2533 601 2575 hostes
625 2532 893 2585 habuerant3
919 2542 961 2574 et
987 2533 1130 2575 hostes
1156 2549 1271 2576 nunc
1296 2544 1562 2593 paterentur,
1593 2551 1693 2578 cum

331 2611 486 2669 quibus
504 2611 645 2670 juncti
667 2621 770 2654 tunc
792 2611 1042 2654 arctissimis
1066 2613 1280 2656 societatis
1300 2612 1482 2656 vinculis
1507 2612 1692 2657 fuerant.
