1783 3282
479 254 825 290 HISTORIARUM
853 257 939 292 LIB.
962 259 1005 293 V.
1377 261 1398 296 6
1408 275 1419 296 1

60 337 293 380 daemonios
334 336 575 380 decernunt
602 355 611 380 z
642 337 716 381 sed
750 339 889 382 tacitis
921 341 1077 383 animis
1111 350 1276 387 tantam
1319 346 1426 389 iram

57 415 332 475 concipiunt,
356 424 404 458 ut
429 416 601 460 subesse
623 416 786 460 bellum
811 416 997 479 intelligi
1019 430 1176 478 posset.

117 496 194 537 XI.
220 493 384 538 Eodem
408 494 496 538 fere
521 504 716 556 tempore
739 497 921 553 Darius,
951 514 1025 541 rex
1055 501 1309 556 Persarum,
1341 520 1429 548 mo-

56 574 188 629 ritur,
221 575 459 617 Artaxerxe
501 584 542 617 et
582 576 699 635 Cyro
739 575 837 620 filiis
882 575 1055 620 relictis.
1103 579 1305 638 Regnum
1348 585 1429 626 Ar—

58 652 248 707 taxerxi,
277 653 393 712 Cyro
429 654 644 709 civitates,
676 670 861 713 quarum
902 656 1128 715 praefectus
1161 667 1272 713 erat,
1302 668 1428 704 testa-

56 740 203 775 mento
234 730 403 792 legavit.
428 731 511 775 Sed
539 734 654 791 Cyro
675 732 890 792 judicium
912 735 1048 794 patris
1069 736 1229 796 injuria
1253 738 1429 782 videba-

58 820 140 853 tur.
183 812 336 870 Itaque
369 809 536 853 occulte
572 810 778 855 adversus
816 812 996 856 fratrem
1030 813 1195 858 bellum
1234 817 1426 876 parabat.

56 888 189 945 Quod
211 905 347 948 quum
372 890 620 933 nuntiatum
640 892 869 935 Artaxerxi
889 902 1017 949 esset,
1036 895 1288 938 arcessitum
1313 896 1367 940 ad
1386 913 1429 940 se

57 967 257 1022 fratrem,
281 977 323 1010 et
345 969 639 1012 innocentiam
660 969 1002 1014 dissimulatione
1019 971 1121 1015 belli
1136 972 1428 1025 simulantem,

55 1047 337 1106 compedibus
357 1049 496 1091 aureis
515 1049 679 1105 vinxit3
703 1049 1092 1111 interfecissetque,
1111 1053 1155 1095 ni
1176 1062 1312 1096 mater
1329 1070 1430 1114 pro-

56 1126 277 1170 hibuisset.
308 1128 520 1171 Dimissus
556 1128 689 1188 igitur
716 1129 876 1188 Cyrus,
894 1129 984 1189 jam
1023 1146 1111 1173 non
1139 1130 1308 1175 occulte
1341 1132 1430 1176 bel-

57 1204 167 1260 lum,
195 1205 269 1249 sed
302 1205 471 1266 palam,
507 1222 586 1250 nec
620 1223 698 1267 per
733 1206 1145 1264 dissimulationem,
1171 1209 1246 1252 sed
1280 1221 1430 1270 aperta

57 1286 320 1345 professione
344 1302 498 1345 parare
523 1288 672 1346 coepit3
693 1285 854 1329 auxilia
877 1286 1071 1347 undique
1093 1289 1329 1332 contrahit.
1350 1292 1430 1332 La-

54 1363 306 1408 cedaemonii
348 1381 583 1420 memores,
625 1365 885 1409 Atheniensi
927 1365 1043 1410 bello
1080 1368 1205 1410 enixe
1250 1384 1294 1411 se
1334 1370 1425 1428 ejus

54 1459 186 1502 opera
222 1443 421 1503 adjutos,
460 1443 578 1486 velut
614 1445 866 1504 ignorantes
907 1455 1060 1489 contra
1094 1447 1223 1506 quem
1265 1446 1427 1490 bellum

54 1533 297 1581 pararetur,
321 1523 560 1567 decernunt
579 1522 739 1567 auxilia
757 1525 873 1585 Cyro
896 1524 1129 1580 mittenda,
1150 1526 1223 1568 ubi
1247 1542 1314 1569 res
1337 1527 1428 1586 ejus

54 1604 261 1664 exegisset
280 1621 289 1646 :
311 1613 551 1663 quaerentes
574 1603 691 1663 apud
719 1606 883 1664 Cyrum
906 1606 1110 1665 gratiam,
1139 1615 1181 1649 et
1202 1606 1319 1666 apud
1346 1608 1427 1651 Ar-

56 1692 296 1738 taxerxem,
324 1683 358 1725 si
382 1683 573 1738 vicisset,
595 1683 732 1726 veniae
756 1685 1023 1743 patrocinia,
1050 1701 1185 1744 quum
1215 1684 1323 1728 nihil
1354 1685 1429 1729 ad-

56 1778 202 1805 versus
231 1779 329 1805 eum
357 1770 505 1821 aperte
529 1761 832 1806 decrevissent.
858 1763 941 1807 Sed
964 1780 1100 1823 quum
1123 1765 1168 1807 in
1198 1763 1313 1807 bello
1339 1764 1427 1808 fors

55 1840 194 1901 proelii
229 1851 465 1901 utrumque
504 1842 682 1886 fratrem
717 1859 874 1904 pugnae
914 1842 1164 1898 obtulisset,
1200 1845 1321 1904 prior
1347 1847 1428 1888 Ar-

55 1931 248 1964 taxerxes
272 1938 295 1964 a
322 1921 454 1965 fratre
483 1921 739 1966 vulneratur
760 1939 769 1965 :
793 1939 923 1982 quem
947 1939 1081 1982 quum
1109 1924 1208 1983 equi
1232 1923 1334 1985 fuga
1357 1941 1428 1984 pe-

55 2000 192 2045 riculo
220 2001 520 2057 subtraxisset,
545 2003 684 2062 Cyrus
712 2019 736 2045 a
763 2002 943 2046 cohorte
967 2003 1084 2063 regia
1110 2019 1342 2063 oppressus
1365 2003 1429 2045 in-

56 2080 276 2124 terficitur.
303 2081 371 2124 Sic
395 2082 534 2125 victor
558 2084 837 2137 Artaxerxes,
858 2091 900 2125 et
924 2082 1068 2142 praeda
1096 2081 1275 2125 fraterni
1301 2081 1428 2135 belli,

55 2170 97 2203 et
130 2161 319 2204 exercitu
353 2162 533 2220 potitur.
572 2163 624 2204 In
654 2177 704 2204 eo
732 2159 884 2221 proelio
915 2161 1064 2204 decem
1090 2160 1227 2203 millia
1253 2163 1428 2205 Graeco-

56 2255 153 2281 rum
182 2239 226 2281 in
249 2238 408 2283 auxilio
427 2241 530 2300 Cyri
553 2239 672 2283 fuere
697 2257 705 2282 z
729 2256 823 2299 quae
843 2250 886 2283 et
909 2241 953 2282 in
981 2256 1142 2293 cornu,
1166 2240 1209 2282 in
1234 2256 1321 2299 quo
1342 2250 1425 2284 ste-

57 2328 223 2372 terant,
252 2319 473 2373 vicerunt3
507 2329 548 2362 et
576 2329 673 2380 post
702 2329 889 2363 mortem
919 2320 1046 2378 Cyri,
1072 2335 1213 2378 neque
1242 2320 1372 2362 armis
1407 2336 1429 2362 a

57 2408 178 2441 tanto
203 2398 392 2441 exercitu
419 2399 553 2455 vinci,
578 2416 717 2459 neque
749 2398 850 2442 dolo
873 2399 968 2459 capi
999 2407 1264 2459 potuerunt,
1288 2415 1432 2441 rever-

56 2488 282 2537 tentesque
310 2479 423 2520 inter
457 2488 522 2521 tot
547 2478 781 2522 indomitas
806 2479 1004 2521 nationes
1029 2487 1070 2521 et
1098 2478 1303 2521 barbaras
1327 2494 1429 2538 gen-

58 2568 143 2608 tes,
172 2574 249 2618 per
277 2567 396 2600 tanta
425 2558 590 2600 itineris
620 2559 778 2616 spatia,
810 2559 970 2601 virtute
995 2574 1038 2600 se
1062 2573 1196 2617 usque
1222 2558 1428 2600 terminos

59 2638 207 2697 patriae
235 2636 533 2680 defenderunt.
