1783 3282
375 279 420 313 36
964 277 1151 311 JIJSTINI

372 363 424 405 (le
448 361 515 403 die
542 360 826 420 proferendo,
855 361 1041 419 spatium
1066 360 1411 403 consummando
1435 360 1555 419 operi
1578 373 1739 417 quaere-

370 441 445 483 bat
474 456 482 482 :
518 456 652 498 quum
685 440 858 481 interim
891 440 1118 481 nuntiatur
1157 440 1380 498 Spartanis
1417 454 1524 497 opus
1557 436 1739 480 Athenis

372 519 604 571 maturari,
629 527 806 577 propter
829 517 945 576 quod
971 517 1113 559 denuo
1136 516 1298 576 legatos
1324 518 1505 559 mittunt
1527 516 1579 558 ad
1605 516 1738 574 inspi-

371 597 566 640 ciendam
590 613 694 640 rem.
713 598 822 639 Tum
841 594 1154 638 Themistocles
1178 611 1254 654 per
1279 611 1452 638 servum
1476 594 1738 654 magistrati-

370 676 449 719 bus
474 676 625 718 scribit
648 675 1002 729 Atheniensium,
1021 675 1237 734 «Legatos
1260 674 1471 725 vinciant,
1493 674 1736 732 pignusque

370 765 567 809 teneant,
592 770 645 796 ne
667 755 710 796 in
733 770 775 796 se
800 754 972 813 gravius
997 752 1296 796 consulatur.»
1317 752 1436 796 Adiit
1459 751 1614 794 deinde
1637 767 1737 793 con-

370 835 539 877 cionem
572 832 1000 876 Lacedaemoniorum
1023 849 1031 874 :
1057 831 1244 887 indicat,
1272 851 1292 871 «
1310 831 1584 874 Permunitas
1607 829 1738 874 Athe—

368 929 444 956 nas
463 929 579 967 esse,
605 921 647 954 et
670 928 793 970 posse
808 912 897 970 jam
926 910 1094 953 illatum
1114 910 1278 953 bellum
1296 926 1382 952 non
1398 910 1530 953 armis
1547 919 1736 963 tantum,

369 991 443 1034 sed
459 992 589 1034 etiam
607 991 742 1033 muris
767 989 1001 1032 sustinere:
1021 989 1053 1031 si
1071 988 1175 1047 quid
1195 989 1249 1031 ob
1273 1005 1367 1031 eam
1392 1004 1482 1031 rem
1505 987 1557 1031 de
1577 1004 1620 1030 se
1643 1004 1741 1030 cru-

369 1070 505 1113 delius
528 1078 794 1124 statuerent,
822 1067 985 1128 legatos
1008 1084 1159 1110 eorum
1189 1068 1232 1110 in
1262 1067 1346 1110 hoc
1374 1069 1531 1127 pignus
1556 1068 1739 1111 Athenis

369 1159 610 1192 retentos.»
634 1148 839 1191 Graviter
862 1147 1017 1189 deinde
1041 1148 1225 1207 castigat
1242 1163 1333 1203 eos,
1357 1147 1525 1203 «Quod
1546 1164 1634 1190 non
1656 1148 1740 1190 vir-

370 1238 486 1283 tute,
512 1227 585 1270 sed
610 1226 907 1270 imbecillitate
921 1227 1159 1282 sociorum,
1181 1227 1421 1286 potentiam
1444 1236 1700 1285 quaererent.
1719 1246 1739 1267 ³)

369 1307 437 1349 Sic
470 1306 697 1359 dimissus,
731 1305 867 1348 veluti
907 1306 1185 1365 triumphatis
1225 1306 1472 1365 Spartanis,
1511 1322 1535 1348 a
1572 1306 1739 1348 civibus

369 1387 594 1445 excipitur.
626 1387 727 1427 Post
757 1385 846 1427 haec
876 1384 1094 1444 Spartani,
1131 1400 1185 1426 ne
1213 1385 1326 1427 vires
1361 1385 1451 1427 otio
1484 1400 1739 1444 corrumpe-

369 1475 490 1520 rent,
515 1474 558 1508 et
580 1474 629 1507 ut
650 1464 716 1506 bis
741 1463 909 1506 illatum
937 1480 961 1506 a
986 1464 1128 1506 Persis
1164 1464 1343 1506 Graeciae
1365 1462 1527 1506 bellum
1562 1462 1741 1506 ulcisce-

370 1554 538 1598 rentur,
581 1542 697 1585 ultro
736 1542 840 1585 fines
886 1559 1036 1585 eorum
1079 1541 1413 1601 depopulantur.
1451 1545 1620 1585 Ducem
1662 1559 1739 1586 suo

369 1623 673 1680 sociorumque
714 1622 921 1664 exercitui
969 1620 1164 1681 deligunt
1196 1622 1455 1664 Pausaniam
1486 1622 1593 1680 :qui
1612 1656 1622 1673 ,
1658 1638 1737 1681 pro

368 1703 547 1757 ducatu,
569 1718 750 1762 regnum
775 1702 952 1744 Graeciae
971 1700 1200 1755 affectans,
1228 1700 1487 1760 proditionis
1511 1702 1739 1760 praemium

369 1798 468 1824 cum
490 1783 634 1823 Xerxe
664 1781 837 1839 nuptias
867 1779 964 1822 filiae
994 1780 1085 1838 ejus
1113 1780 1367 1839 paciscitur,
1392 1779 1572 1822 redditis
1603 1781 1740 1839 capti-

370 1861 431 1903 vis
450 1895 460 1914 ,
489 1870 537 1902 ut
559 1859 664 1902 fides
693 1860 804 1918 regis
831 1858 976 1917 aliquo
998 1858 1210 1901 beneficio
1239 1858 1598 1918 obstringeretur.
1622 1860 1738 1902 Scri-

369 1939 432 1981 bit
457 1948 662 1998 praeterea
686 1939 840 1992 Xerxi,
857 1938 1183 1996 «Quoscumque
1203 1937 1255 1979 ad
1275 1953 1318 1979 se
1340 1937 1515 1979 nuntios
1534 1938 1736 1994 misisset,

369 2017 661 2061 interficeret:
699 2033 752 2059 ne
791 2033 857 2059 res
881 2015 1144 2075 loquacitate
1178 2016 1405 2058 hominum
1438 2016 1736 2075 proderetur.»

371 2096 454 2139 Sed
481 2096 568 2139 dux
599 2096 927 2139 Atheniensium
963 2095 1200 2150 Aristides,
1231 2094 1331 2137 belli
1365 2096 1534 2151 socius,
1565 2095 1739 2157 collegae

370 2175 597 2219 conatibus
615 2175 792 2218 obviam
815 2175 959 2218 eundo
973 2209 984 2230 ,
1011 2173 1138 2218 simul
1159 2184 1202 2217 et
1224 2175 1266 2216 in
1288 2191 1378 2216 rem
1403 2175 1618 2233 sapienter
1638 2192 1739 2219 con-

369 2254 566 2309 sulendo,
592 2253 851 2313 proditionis
889 2253 1066 2296 consilia
1099 2253 1313 2296 discussit.
1339 2254 1431 2296 Nec
1466 2252 1604 2296 multo
1640 2265 1738 2314 post

372 2343 597 2376 accusatus
634 2334 893 2388 Pausanias,
930 2333 1173 2375 damnatur.
1210 2333 1352 2392 Igitur
1380 2335 1574 2386 Xerxes,
1603 2350 1738 2392 quum

370 2412 627 2472 proditionis
664 2411 814 2454 dolum
843 2411 1113 2472 publicatum
1148 2411 1336 2468 videret,
1369 2429 1419 2454 ex
1448 2413 1619 2473 integro
1650 2412 1740 2456 bel-

370 2491 460 2534 lum
475 2491 674 2534 instituit.
690 2491 833 2534 Graeci
855 2507 1027 2550 quoque
1042 2490 1195 2534 ducem
1221 2492 1492 2534 constituunt
1509 2492 1736 2536 Cimonem

369 2569 702 2625 Atheniensem,
728 2568 866 2613 filium
889 2569 1099 2613 Miltiadis
1115 2604 1125 2624 ,
1145 2587 1231 2630 quo
1247 2570 1356 2613 duce
1379 2569 1493 2629 apud
1516 2571 1738 2614 Maratho-

372 2665 469 2694 nem
494 2659 735 2710 pugnatum
751 2659 813 2692 est
830 2650 1057 2710 ,juvenem
1077 2684 1087 2704 ,
1110 2650 1233 2709 cujus
1254 2649 1600 2710 magnitudinem
1625 2649 1743 2694 futu-
