1783 3282
705 276 895 311 LIBRUM
925 279 951 311 I.
1449 291 1516 326 197

159 360 338 400 Tomerls;
359 358 483 393 Orosii
505 371 613 403 mss,
646 371 695 401 11,
726 371 766 403 7,
794 358 1008 400 Thameris,
1036 361 1202 395 Valerius
1225 362 1428 403 Maximus,
1459 375 1519 404 lx,

156 432 220 462 io,
249 419 470 461 Thamrrz's;
498 419 711 462 Herodoto,
736 431 770 462 1,
792 431 863 462 207
891 425 927 452 et
949 431 1069 464 seqq.,
1094 427 1146 454 est
1165 428 1312 471 Τόμυρις
1336 422 1521 463 Luciam,

151 482 187 513 in
211 479 412 522 Charonte,
439 487 474 514 et
500 480 600 524 aliis,
620 486 794 532 Τώμουρις,
816 486 954 529 Τάμυρις
976 486 1011 514 et
1036 486 1185 529 Θάμυρις,
1214 483 1340 516 Oritur
1363 495 1382 517 a
1404 495 1522 530 graeco

152 547 299 589 τόμαρςς,
328 539 572 584 sacrificator,
595 541 837 583 victimarius,
857 541 915 574 vel
942 539 1075 575 eodem
1100 552 1208 574 sensu
1227 549 1261 575 et
1280 544 1416 587 pariter
1434 556 1455 578 a
1473 563 1523 582 τρ-

152 607 235 649 μεύω
253 602 449 651 νθὶτάμνω,
469 615 569 644 seco,
582 602 727 644 incido,
746 613 765 636 a
785 610 948 651 τόμουρος,
961 608 1079 644 vates,
1096 600 1278 644 hariolus,
1299 603 1394 637 unde
1413 611 1524 653 τάμῃ)-

151 680 218 710 ραι,
250 663 419 707 oracula,
443 663 667 710 prophetiae,
700 660 955 708 significatque
990 662 1170 697 feminino
1201 673 1334 707 genere
1358 664 1525 699 victima-

151 722 248 766 rius,
273 723 330 757 vel
355 724 497 757 hariola
521 737 527 757 :
557 723 794 758 scribendum
819 723 930 769 igitur
959 723 1148 764 Tamaris,
1177 722 1338 756 Tomeris
1364 724 1422 757 vel
1450 726 1523 759 To—

153 784 273 827 myris,
288 784 388 829 quod
396 784 608 818 narratione
621 784 754 818 Justini
768 781 1200 826 confirmatur3Tamaris
1214 783 1527 830 enimregina,vel

153 844 337 890 Tamyris,
357 844 554 878 victimarii
573 844 651 878 vice
672 843 854 889 fungitur,
875 850 982 889 caput
1001 843 1086 890 Cyri
1111 843 1360 887 abscidend03
1378 844 1528 880 hariolae

152 916 242 938 vero
269 904 308 937 in
341 912 459 939 utrem
491 904 739 950 conjiciendo.
776 904 915 938 Fabula
945 905 1051 950 hujus
1077 905 1293 952 Scytharum
1330 904 1423 948 deae,
1452 918 1529 951 quae

153 971 262 1011 caput
275 965 359 1012 Cyri
379 974 607 1013 amputatum
629 965 671 1006 in
687 972 807 1000 utrem
827 965 961 1010 conjici
977 965 1105 1011 jubet,
1124 966 1215 999 mihi
1235 965 1380 1000 videtur
1400 966 1529 1001 eadem

153 1037 194 1059 ac
215 1025 334 1060 viduae
353 1033 388 1060 et
406 1027 645 1074 prophetissae
669 1026 816 1068 Judith,
842 1039 938 1072 quae,
965 1039 1010 1060 ex
1038 1027 1148 1061 sacris
1169 1026 1317 1069 litteris,
1340 1039 1436 1070 xn1,
1467 1040 1480 1060 1
1495 1039 1506 1060 1
1521 1054 1530 1070 ,

154 1086 409 1134 Holophernis
428 1095 538 1136 caput
557 1088 731 1130 abscidit,
750 1095 785 1122 et
805 1088 944 1122 ancillae
966 1100 1036 1122 suae
1058 1087 1166 1133 jussit
1188 1094 1226 1121 ut
1251 1086 1413 1122 mitteret
1437 1088 1529 1122 illud

156 1146 193 1180 in
214 1160 339 1194 peram
359 1161 473 1184 suam.

209 1208 291 1243 CAP.
317 1210 385 1244 IX.
418 1211 606 1245 Smerdim.
634 1211 858 1257 Bongarsius
887 1211 1000 1245 habet
1030 1211 1205 1259 Mergc'm,
1240 1211 1301 1256 qui
1331 1218 1382 1244 est
1407 1211 1529 1245 Hero-

156 1269 266 1314 doto,
301 1283 371 1314 111,
407 1270 472 1315 30,
498 1272 675 1315 Smerdz's,
710 1285 782 1318 quo
814 1272 966 1306 nomine
992 1271 1103 1306 etiam
1138 1282 1289 1317 magum
1325 1272 1530 1318 Oropastetz

155 1338 282 1374 νοοίης
317 1338 352 1366 et
386 1332 550 1366 Cometes
574 1344 719 1379 magus,
747 1332 810 1378 qui
838 1332 877 1366 in
905 1332 1132 1366 editionibus
1155 1331 1314 1378 vulgatis
1343 1331 1532 1365 dicebatur

160 1390 344 1434 Comaris,
367 1399 496 1426 contra
511 1393 628 1427 libros
640 1420 649 1436 ,
664 1393 763 1439 apud
787 1393 957 1427 eumdem
976 1392 1211 1427 Herodotum
1226 1400 1279 1426 est
1293 1393 1509 1438 Prexaspes
1520 1406 1532 1434 ,-

156 1458 191 1485 et
223 1452 401 1494 Ostanes,
426 1453 488 1499 qui
515 1454 629 1500 vulgo
657 1453 862 1496 Orthanes,
884 1453 1082 1488 Herodoto
1108 1453 1243 1487 dicitur
1271 1454 1419 1488 Omnes.
1448 1452 1534 1486 Haec

157 1519 196 1546 ut
226 1512 264 1546 in
290 1513 486 1548 Herodoto
512 1514 717 1558 habentur,
747 1514 798 1549 ait
823 1515 1024 1561 Bongars.,
1053 1514 1170 1548 edidit
1196 1515 1376 1548 Asulanus
1400 1514 1534 1548 incon—

158 1575 268 1618 sulte,
297 1576 385 1622 quia
407 1577 594 1610 nominum
621 1577 837 1611 mutationes
853 1578 1054 1623 permultae
1079 1584 1182 1619 sunt,
1205 1576 1419 1623 praesertim
1444 1576 1534 1609 bar-

157 1635 342 1678 batorum,
373 1644 411 1670 ut
438 1644 490 1671 est
514 1638 613 1684 apud
637 1638 878 1681 Strabonem,
904 1636 977 1683 fine
1009 1636 1096 1671 libri
1121 1649 1201 1671 XVI.
1223 1637 1310 1670 Non
1336 1636 1415 1670 sine
1434 1636 1535 1681 inju—

157 1697 209 1730 ria
223 1724 232 1740 ,
250 1697 368 1744 inquit
389 1698 558 1742 Vossius,
581 1706 706 1745 posset
731 1699 863 1745 aliquis
877 1698 1054 1744 suspicari
1071 1697 1308 1732 scribendum
1325 1709 1420 1739 esse,
1433 1697 1536 1730 filer-

156 1758 250 1800 dim,
273 1765 308 1793 et
326 1760 440 1805 paulo
455 1766 551 1805 post,
566 1760 691 1794 Merdi
702 1772 771 1806 pro
796 1760 976 1807 Mergide.
999 1759 1157 1792 Merclim
1177 1758 1276 1793 enim
1297 1765 1332 1792 ct
1349 1758 1537 1792 Merdiam

158 1820 347 1865 appellant
381 1820 554 1854 nonnulli
590 1820 675 1867 Cyri
714 1819 847 1864 filium,
879 1827 919 1854 ut
952 1826 1132 1854 testantur
1163 1819 1309 1853 Scholia
1336 1819 1383 1853 ad
1410 1821 1536 1853 Persas

157 1880 330 1926 AEschyli.
353 1881 461 1927 Apud
480 1881 692 1928 AEschylum
714 1881 835 1928 ipsum
854 1881 949 1915 male
970 1880 1105 1927 legitur
1128 1882 1274 1930 Μοίρὸις,
1294 1887 1332 1914 ut
1347 1879 1423 1925 jam
1445 1879 1539 1913 vidit

158 1941 390 1976 Scholiastes.
411 1942 608 1976 Herodoto
628 1949 663 1976 et
689 1942 877 1976 Aristoteli
903 1948 955 1976 cst
975 1944 1128 1991 Σμέρδις,
1152 1953 1237 1975 nam
1258 1953 1351 1987 saepe
1371 1947 1406 1978 τὸ
1428 1959 1445 1977 cr
1465 1953 1537 1973 no—

156 2001 321 2036 minibus
341 2002 505 2049 propriis
528 2003 566 2036 in
586 2002 775 2049 principio
795 2001 966 2049 affigitur.
988 2002 1115 2037 Ctesiae
1135 2009 1188 2036 est
1207 2007 1426 2050 Τανυςξοὶρκης
1440 1999 1540 2049 (Xe-

158 2063 364 2110 nophonti,
388 2064 540 2111 Cyrcw„
561 2077 636 2098 vul
652 2091 661 2108 ,
687 2077 703 2107 ’,-
721 2091 731 2107 ,
757 2062 1033 2113 Tanaooeares).
1055 2064 1115 2098 Sic
1138 2063 1348 2110 legendum.
1376 2064 1541 2109 Oropas-

160 2133 211 2159 les
232 2125 302 2171 ipsi
329 2133 383 2159 est
402 2128 644 2175 Σφενὸαδοίτης.
668 2126 754 2159 Haee
777 2125 930 2159 Vossius
949 2132 984 2159 et
1004 2124 1238 2171 Bongarsius.
1260 2127 1316 2158 An
1340 2125 1539 2166 Smerdim,

158 2186 316 2233 illergim
341 2193 404 2220 aut
422 2186 590 2220 Mardim
614 2186 833 2233 legendum,
856 2186 1017 2232 Etymon
1037 2186 1075 2219 in
1102 2186 1217 2220 dubio
1244 2185 1432 2232 relinquit.
1458 2185 1540 2219 Hoc

158 2247 257 2281 enim
284 2260 422 2282 nomen
460 2248 550 2282 orim'
577 2254 700 2294 potest
729 2247 986 2282 contractione
1018 2259 1037 2281 a
1066 2249 1272 2297 σμάραγδος,
1310 2247 1542 2293 smaragdus,

159 2312 391 2359 σμαρχγᾶίζω,
411 2310 646 2356 smaragdum
665 2309 812 2351 imitor,
833 2309 933 2343 unde
959 2315 994 2342 et
1020 2309 1152 2342 Manli
1168 2308 1324 2355 populi,
1343 2309 1402 2342 vel
1427 2321 1446 2341 a
1468 2315 1543 2358 μάρ-

157 2389 228 2420 7⁴⁶3,
243 2370 411 2413 insanus,
434 2371 607 2414 stolidus,
629 2383 778 2414 vecors3
796 2370 872 2404 imo
896 2370 1027 2404 litterae
1054 2370 1082 2403 (l
1105 2377 1139 2404 et
1159 2384 1189 2416 g
1209 2376 1490 2416 permutantur,
1509 2376 1543 2403 et

157 2445 176 2465 s
201 2431 416 2466 nominibus
452 2432 676 2479 quandoque
702 2431 942 2479 praeponitur.
973 2435 1143 2466 Attamen
1171 2432 1302 2465 Mardi
1320 2432 1480 2477 populus
1509 2438 1543 2465 et

159 2493 378 2527 Mardonius
405 2493 482 2527 dux
507 2505 576 2539 pro
604 2493 766 2527 Smerdis
790 2503 917 2540 magus
945 2492 1116 2526 militant.

211 2554 456 2601 Prexaspem.
481 2555 512 2588 A
534 2566 652 2600 graeco
666 2560 796 2604 πρῆξις,
810 2566 906 2598 sors,
929 2554 1062 2597 fatum,
1082 2560 1117 2587 et
1137 2559 1253 2597 ἀσπίς,
1273 2553 1370 2599 aspis
1390 2552 1449 2585 vel
1469 2551 1542 2596 ely»

158 2628 271 2662 peus3
296 2614 460 2651 Cometes
483 2623 622 2659 autem,
642 2615 704 2662 qui
719 2616 778 2650 hic
793 2616 878 2650 loco
892 2615 1100 2661 Ptexaspis
1118 2614 1157 2648 in
1178 2614 1343 2649 editione
1357 2612 1539 2657 Tliysiana

159 2678 310 2724 legitur,
334 2691 352 2711 a
378 2683 536 2726 χςμ-ίςης,
557 2684 738 2721 comatus,
759 2677 1111 2721 crinitus,conara,
1144 2676 1245 2710 ,su-lla
1270 2674 1411 2709 crinita.
