1783 3282
274 240 342 281 164
862 235 1050 270 JUSTINI

272 323 424 364 buerat
458 335 630 362 causam
654 317 818 360 mortis.
839 337 858 357 »
883 319 1006 359 Tunc
1043 317 1156 375 ipsos
1192 317 1412 358 ministros
1444 313 1641 373 aggredi-

273 411 344 442 tur
371 416 378 441 :
409 418 429 438 <c
448 398 537 442 Sibi
569 395 744 457 quidem
778 396 838 438 ait
873 404 1066 454 optatam
1093 392 1196 436 olim
1222 404 1427 447 mortem3
1455 392 1528 435 sed
1560 391 1642 434 illis

273 478 448 522 acerbos
469 477 686 521 cruciatus
699 510 709 531 7
724 485 766 518 et
780 474 873 516 dira
889 471 1099 532 supplicia
1118 473 1362 527 imminere,
1378 474 1452 531 qui
1468 471 1644 515 Acerbae

273 575 396 618 opes,
427 573 610 616 quarum
644 571 717 614 spe
741 551 1023 613 parricidium
1050 567 1124 593 rex
1151 550 1321 606 fecerit,
1359 551 1547 593 avaritiae
1583 559 1645 608 ty-

273 638 398 680 ranni
436 633 741 678 subtraxerint.
763 650 783 670 ³>
825 633 920 674 Hoc
957 639 1074 672 metu
1113 629 1314 671 omnibus
1352 630 1535 688 injecto,
1576 644 1646 670 00-

275 717 396 759 mites
440 715 551 773 fugae
594 711 772 770 accepit.
811 711 834 752 J
839 719 1068 769 unguntur
1103 709 1141 751 ei
1182 717 1433 750 senatorum
1470 708 1514 749 in
1555 723 1644 750 eam

274 805 445 839 noctem
483 799 725 854 praeparata
760 789 958 849 agmina3
995 798 1125 847 atque
1164 788 1219 830 ita
1258 788 1388 830 sacris
1424 784 1648 841 Herculis,

276 875 399 933 cujus
433 871 630 916 sacerdos
668 868 857 912 Acerbas
896 867 1060 921 fuerat,
1093 868 1283 926 repetitis
1303 901 1313 918 ‚
1346 864 1494 909 exsilio
1532 865 1650 908 sedes

276 961 488 1011 quaerunt.

340 1032 393 1073 V.
423 1031 596 1073 Primus
615 1028 695 1072 illis
715 1027 922 1089 appulsus
944 1036 1068 1069 terrae
1087 1028 1259 1086 Cyprus
1281 1025 1419 1068 insula
1447 1026 1528 1068 fuit
1548 1042 1556 1068 :
1577 1025 1651 1068 ubi

278 1108 475 1152 sacerdos
495 1108 635 1163 Jovis‚
663 1124 762 1150 cum
789 1106 973 1166 conjuge
997 1115 1039 1148 et
1062 1104 1228 1159 liberis,
1250 1104 1431 1147 deorum
1461 1105 1653 1159 monitu,

281 1188 479 1231 comitem
506 1203 548 1229 se
570 1185 717 1230 Elissae
738 1187 991 1244 sociumque
1011 1184 1196 1227 fortunae
1220 1183 1374 1239 offert,
1402 1193 1555 1243 pactus
1575 1184 1655 1225 sibi

280 1268 549 1327 posterisque
574 1276 835 1326 perpetuum
857 1265 1068 1307 honorem
1087 1263 1327 1307 sacerdotii.
1351 1263 1557 1306 Conditio
1574 1279 1655 1323 pro

282 1345 508 1389 manifesto
527 1347 670 1388 omine
685 1354 872 1405 accepta.
895 1346 994 1386 Mos
1015 1353 1107 1386 erat
1129 1343 1319 1403 Cypriis,
1346 1343 1535 1402 virgines
1556 1351 1657 1384 ante

285 1426 458 1485 nuptias
485 1425 656 1467 statutis
684 1424 835 1466 diebus
856 1421 1043 1465 dotalem
1070 1424 1298 1482 pecuniam
1316 1422 1591 1480 quaesituras,
1613 1422 1657 1463 in

285 1513 497 1563 quaestum
533 1503 587 1544 ad
623 1503 725 1545 litus
758 1503 887 1544 maris
926 1502 1118 1556 mittere⁷
1146 1517 1224 1561 pro
1254 1500 1420 1559 reliqua
1452 1501 1661 1560 pudicitia

284 1583 518 1626 libamenta
527 1583 687 1624 Veneri
704 1581 934 1625 soluturas.
948 1583 1116 1623 Harum
1132 1581 1267 1640 igitur
1283 1597 1334 1622 ex
1350 1597 1532 1623 numero
1546 1597 1662 1624 Lxxx

285 1662 520 1706 admodum
548 1663 738 1722 virgines
764 1671 911 1721 raptas
944 1661 1126 1703 navibus
1161 1660 1326 1720 imponi
1353 1659 1489 1703 Elissa
1511 1660 1662 1718 jubet3

286 1752 334 1785 ut
355 1752 397 1784 et
409 1742 617 1801 juventus
638 1741 938 1796 matrimonia,
965 1749 1007 1783 et
1029 1740 1132 1782 urbs
1154 1738 1368 1795 sobolem,
1387 1740 1545 1782 habere
1562 1756 1662 1800 pos-

288 1832 362 1865 set.
382 1824 498 1865 Dum
519 1821 608 1863 haec
629 1830 836 1880 aguntur,
859 1819 1114 1881 Pygmalion
1142 1820 1336 1879 cognita,
1359 1820 1519 1862 sororis
1544 1819 1664 1879 fuga,

288 1917 422 1960 quum
447 1900 581 1960 impio
600 1898 712 1942 bello
730 1899 967 1959 fugientem
994 1899 1195 1959 persequi
1217 1907 1411 1958 pararet,
1438 1914 1549 1958 aegre
1572 1915 1667 1958 pre-

289 1979 410 2022 cibus
430 1979 601 2031 matris,
623 1988 665 2021 et
685 1978 866 2021 deorum
883 1979 1011 2020 minis
1033 1979 1194 2032 victus,
1216 1978 1381 2036 quievit
1401 1994 1409 2019 :
1431 1979 1500 2020 cui
1531 1994 1668 2036 quum

290 2059 488 2119 inspirati
508 2068 626 2101 vates
648 2067 872 2113 canerent,
900 2077 920 2097 α
937 2074 1024 2100 non
1047 2058 1223 2117 impune
1241 2055 1454 2112 laturum,
1475 2058 1509 2100 si
1530 2058 1668 2100 incre-

291 2147 435 2180 menta
469 2138 587 2180 urbis
629 2147 721 2180 toto
760 2137 865 2180 orbe
899 2137 1250 2196 auspicatissimae
1289 2135 1629 2196 interpellasset,
1649 2155 1670 2176 »

292 2217 376 2259 hoc
399 2216 529 2259 modo
557 2217 745 2276 spatium
766 2215 1009 2276 respirandi
1034 2214 1301 2275 fugientibus
1328 2215 1492 2258 datum.
1518 2219 1672 2276 Itaque

295 2294 434 2338 Elissa
455 2294 595 2338 delata
617 2296 660 2338 in
685 2295 839 2338 Africae
859 2296 1023 2349 sinum,
1051 2294 1213 2337 incolas
1234 2293 1316 2337 loci
1346 2296 1459 2354 ejus,
1481 2295 1671 2338 adventu

296 2375 650 2434 peregrinorum,
670 2384 1010 2432 mutuarumque
1033 2390 1178 2416 rerum
1201 2375 1460 2418 commercio
1481 2375 1672 2435 gauden-

298 2462 384 2507 tes,
404 2453 447 2494 in
463 2454 693 2495 amicitiam
720 2451 921 2495 sollicitat
941 2469 948 2494 :
974 2451 1129 2494 deinde
1144 2462 1290 2512 empto
1315 2451 1432 2508 1000,
1455 2454 1529 2512 qui
1555 2454 1672 2496 corio

299 2531 420 2574 bovis
441 2532 527 2591 tegi
546 2542 711 2591 posset,
734 2532 778 2574 in
801 2548 888 2591 quo
908 2530 1040 2574 fessos
1060 2529 1192 2591 longa
1213 2532 1491 2592 navigatione
1512 2533 1673 2586 socios,

302 2609 446 2668 quoad
470 2610 840 2670 proficisceretur,
862 2610 1037 2653 reficere
1061 2620 1227 2671 posset,
1254 2612 1422 2654 corium
1449 2612 1492 2654 in
1516 2612 1678 2654 tenuis-
