1783 3282
293 249 365 283 225
740 248 887 283 NOTAE
915 247 970 282 IN
998 247 1185 282 JUSTINI

293 343 338 365 ex
371 342 462 376 equa
500 336 535 364 et
569 329 672 364 asino
703 338 766 365 aut
790 332 890 365 mulo
916 336 1132 374 conceptus,
1151 336 1249 371 ὕννος,
1276 328 1468 374 equuleus,
1487 340 1659 371 mannus,

294 392 385 425 sicut
409 403 510 437 equae
528 391 728 426 Henetides
741 418 750 434 ,
776 393 1041 439 sylvestresque
1059 389 1150 422 muli
1171 389 1419 429 Henetorum;
1449 389 1659 423 Venetorum

293 464 402 495 vero,
428 452 475 486 ab
492 460 513 492 ᾗ
529 461 649 499 νῆττα;
671 452 794 499 sicque
814 452 931 486 dictos
951 451 1114 484 Venetos
1133 448 1246 483 Italiae
1272 456 1308 483 et
1331 450 1458 484 Galliae
1481 463 1501 484 a
1522 450 1660 484 lacunis

292 513 402 548 maris
430 513 612 549 Adriatici
638 522 673 550 et
691 514 800 548 maris
820 510 1003 554 conclusi,
1022 510 1135 544 hodie
1156 512 1190 544 le
1203 509 1401 544 Mor-bibare
1411 536 1422 552 ‚
1445 511 1579 557 quibus
1598 510 1658 544 in-

293 575 490 619 natabant,
509 575 601 609 sicut
619 582 761 608 anates.
787 574 891 606 Tunc
911 571 1047 605 Heneti
1064 570 1324 617 Paphlagoniae
1343 582 1363 604 a
1379 571 1529 606 Venetis
1547 572 1660 605 Italiae

294 635 493 681 Galiiaeque
513 635 648 669 diversi
667 634 804 675 forent,
819 632 956 678 quippe
977 631 1041 677 qui
1055 631 1163 665 aliam
1177 630 1359 677 originem
1380 632 1661 680 etymologicam

294 696 490 738 haherent3
505 695 569 730 sed
586 693 818 729 verisimilius
832 699 885 727 est
894 694 1050 726 Henetoe
1065 698 1100 726 et
1117 691 1150 723 V
1148 698 1266 725 enetce
1277 703 1321 725 ex
1335 696 1367 728 αἱ
1378 701 1502 737 νῆτται,
1515 699 1659 734 anates,

294 769 393 803 seque
408 756 507 791 oriri.
532 755 622 789 Vide
640 760 805 788 nostram
827 753 921 788 Diss.
942 752 987 787 de
1014 751 1158 798 origine
1177 751 1278 786 vocis
1299 752 1494 786 Musinari.

346 827 474 861 Adria.
487 827 574 869 Quae
588 825 786 859 Ptolemaeo
795 830 829 858 et
840 822 949 858 Plinii
958 822 1146 857 codicibus
1155 849 1165 867 ,
1178 823 1343 857 Hermol.
1365 823 1528 857 Barbaro
1549 830 1639 858 teste
1653 851 1663 867 ‚

294 888 331 921 in
344 887 493 933 Castign,
512 886 628 926 Atria,
640 890 779 934 Αῐθρίαν,
788 884 851 918 sed
859 884 964 927 male,
977 895 1123 930 quoque
1131 883 1265 917 dictam
1273 909 1282 927 ,
1295 890 1329 917 et
1338 883 1547 918 aDiomede
1555 884 1663 918 fuisse

295 947 478 981 conditam
502 952 606 980 notat
631 945 847 991 Stephanus.
869 943 1006 986 Adria,
1033 956 1112 990 quae
1131 943 1303 977 scribitur
1328 950 1362 977 et
1384 945 1550 987 Hadria,
1572 944 1664 978 sicut

294 1006 426 1042 Graecis
440 1014 452 1044 ξ
467 1006 602 1056 Aspim,
615 1017 715 1040 mare
729 1003 980 1039 Hadriaticum
992 1031 1001 1048 ,
1016 1005 1062 1038 ab
1077 1006 1184 1053 ἁδρός,
1198 1003 1317 1046 dives,
1333 1003 1523 1039 abundans
1533 1031 1542 1048 ‚
1554 1004 1664 1048 uber,

294 1069 481 1114 copiosus,
518 1068 576 1102 vel
607 1066 728 1114 potius
759 1065 805 1101 ab
828 1068 958 1116 ὑδρεία,
979 1065 1145 1112 aquatio,
1167 1064 1351 1111 irrigatio,
1378 1067 1489 1114 ὑδρία,
1513 1066 1639 1113 hydria
1654 1094 1663 1110 ,

294 1129 460 1176 aquatio,
479 1131 602 1178 ὑδριάς,
619 1128 804 1174 aquatica,
823 1127 861 1161 in
875 1126 979 1173 aquis
994 1126 1131 1173 degens
1143 1153 1152 1169 ,
1176 1125 1230 1159 uti
1243 1125 1409 1160 Venetia.
1426 1126 1484 1160 Sic
1505 1127 1551 1160 ab
1570 1129 1664 1177 ὕδωρ,

293 1203 407 1237 aqua,
425 1189 635 1233 metathesi,
655 1196 690 1224 et
706 1188 910 1222 mutatione
929 1207 945 1226 υ
964 1188 1003 1221 in
1024 1207 1058 1234 α,
1079 1187 1196 1222 oritur
1215 1189 1302 1236 ἄρδω
1323 1187 1380 1221 vel
1401 1189 1520 1236 ἁρὸέω,
1534 1201 1664 1234 aquam

294 1253 458 1299 praebeo,
477 1252 609 1298 irrigo,
633 1253 763 1301 02?83'·,2‚
784 1249 971 1296 irrigatio,
994 1249 1155 1296 aquatio.
1176 1248 1340 1283 Omnino
1358 1248 1469 1295 igitur
1496 1250 1664 1285 scriben-

295 1314 381 1348 dum
401 1314 567 1355 Hadria,
592 1325 669 1346 non
691 1319 811 1345 autem
830 1311 952 1344 Adria
972 1310 1031 1344 vel
1054 1311 1177 1352 Atria,
1201 1316 1235 1343 et
1258 1310 1375 1343 multo
1401 1310 1521 1344 minus
1545 1317 1665 1360 Αῑθρῐα,

295 1376 550 1410 Romanorum
571 1373 757 1408 coloniam
786 1371 871 1407 facit
897 1371 1041 1414 Livius,
1061 1371 1160 1418 Epit.
1188 1371 1273 1404 Haec
1293 1370 1379 1404 urbs
1404 1378 1526 1406 servat
1548 1372 1666 1407 adhuc

294 1447 435 1470 nomen
459 1435 576 1469 Adria
593 1461 602 1475 ,
619 1434 709 1468 sicut
733 1441 766 1468 et
788 1445 892 1467 mare
905 1432 1177 1473 Hadriaticum,
1206 1431 1263 1465 cui
1289 1443 1428 1465 nomen
1449 1431 1562 1466 dedit.

347 1504 538 1540 Adriatico
557 1506 655 1537 mati
670 1515 800 1536 nomen
820 1503 933 1535 dedit.
963 1501 1068 1535 Idem
1095 1499 1281 1535 affirmant
1309 1501 1500 1547 Polybius,
1522 1514 1573 1545 11,
1601 1507 1668 1547 143

294 1567 438 1609 Livius,
451 1579 492 1607 v,
509 1565 576 1608 333
596 1564 716 1599 strab.
731 1591 739 1606 ,
756 1563 794 1606 53
814 1562 972 1606 Plinius,
994 1574 1047 1596 111
1060 1589 1068 1605 ,
1092 1561 1157 1605 163
1182 1562 1412 1605 Eustathius,
1435 1562 1471 1596 in
1490 1564 1642 1609 Dionys.
1656 1590 1667 1605 ,

298 1639 454 1674 quorum
472 1633 602 1660 contra
622 1636 843 1660 consensum
857 1623 950 1657 nihil
970 1624 1069 1657 valet
1089 1635 1184 1656 unus
1201 1623 1376 1657 Aurelius
1390 1623 1538 1667 Victor,
1557 1624 1594 1658 in
1607 1627 1668 1658 Al.

297 1688 461 1723 Adriano
475 1714 484 1729 ,
500 1687 599 1721 hunc
612 1687 796 1720 honorem
814 1685 944 1718 Adria>
964 1681 1256 1718 Ellamucinorum
1275 1685 1358 1730 agri
1373 1685 1501 1718 Piceni
1511 1686 1668 1732 oppido,

298 1749 397 1796 quod
411 1762 429 1782 a
444 1755 572 1783 nostro
587 1748 772 1782 diversum
790 1752 858 1789 est,
871 1744 1045 1781 tribuens„
1062 1746 1143 1781 Hoc
1155 1745 1565 1783 nomenAdrioePiceni
1575 1760 1672 1782 eam-

297 1811 382 1845 dem
401 1808 664 1857 etymologiam
688 1808 822 1852 habet,
848 1815 883 1842 et
904 1809 1034 1844 eodem
1062 1809 1176 1843 modo
1201 1808 1457 1853 scribendum3
1486 1816 1674 1856 exstatque

300 1872 479 1919 oppidum
501 1872 619 1906 adhuc
644 1871 711 1905 sub
731 1871 883 1905 nomine
905 1871 994 1904 Atri.

352 1946 487 1989 Arpos.
507 1942 622 1988 Alpi,
648 1941 849 1986 aliquando
868 1943 990 1986 Argos
1015 1940 1202 1985 H'ppion,
1223 1939 1261 1973 id
1276 1947 1330 1974 est
1352 1943 1474 1988 Argos
1488 1948 1674 1987 equestre,

301 2015 387 2036 mox
407 2005 510 2049 Arg)
510 2002 634 2049 rippa,
655 2002 743 2036 dicti
756 2000 1015 2045 fueruntjuxta
1030 1999 1209 2043 Plinium,
1230 2013 1275 2034 ex
1289 2007 1381 2050 awo?
1369 2011 1403 2042 ἦ
1419 2007 1529 2047 ἵππμς,
1543 2014 1676 2048 ἃΓὲρῃ,

302 2072 359 2099 tea
379 2076 493 2110 equi,
512 2063 554 2101 23:
542 2082 609 2113 „w
632 2069 709 2101 t—-m
707 2067 749 2100 'Ze
776 2082 822 2107 :‚v
835 2063 907 2096 hoc
927 2068 980 2095 est
1002 2073 1115 2108 equos
1128 2062 1315 2105 nutiiens,
1336 2062 1435 2109 apud
1455 2064 1677 2107 Homerum3

303 2133 338 2160 et
354 2137 482 2159 revera
502 2125 677 2158 Horatius
690 2132 818 2170 aptam
843 2123 916 2158 dici
919 2130 933 2156 t
947 2135 1046 2170 equis
1065 2125 1195 2170 Argos
1218 2124 1318 2170 Arpi
1338 2136 1475 2159 nomen
1504 2132 1676 2160 contiac-

303 2194 380 2221 tum
400 2193 452 2220 est
475 2185 586 2232 igitur
607 2197 649 2219 ex
673 2186 897 2232 Argyrippa
915 2185 976 2218 vel
994 2183 1127 2218 rectius
1147 2196 1190 2218 ex
1213 2184 1350 2230 plurali
1369 2186 1597 2234 Argyrippi,
1619 2198 1677 2221 ar-

304 2254 443 2294 genteae
480 2259 541 2281 seu
573 2246 664 2280 albae
697 2258 808 2292 equae.
837 2245 897 2280 Sic
926 2251 1114 2279 contracte
1140 2244 1215 2279 fere
1235 2245 1368 2279 eodem
1398 2246 1513 2281 modo
1536 2254 1572 2282 et
1596 2259 1678 2282 cor-

304 2315 410 2354 rupte
436 2306 611 2354 Polybius
636 2306 824 2357 Ᾰργκαντζν
855 2305 1067 2352 appellavit.
1091 2305 1313 2349 Diomedes,
1336 2313 1375 2340 ut
1412 2306 1463 2341 ait
1486 2308 1681 2355 Virgilius,

307 2368 453 2402 AEneid.
469 2395 478 2411 ,
502 2380 543 2402 xl
565 2381 572 2401 ε

517 2466 572 2496 Ille
591 2465 702 2496 urbem
720 2465 905 2506 Argyripam
925 2465 1031 2506 patriae
1050 2465 1234 2506 cognomine
1252 2466 1351 2507 gentis

516 2520 623 2551 Victor
643 2519 797 2560 Garganei
815 2519 970 2550 condebat
988 2522 1007 2551 J
1010 2520 1200 2562 apygisoris.

311 2630 391 2663 Hoc
417 2635 490 2673 est,
520 2628 557 2662 in
583 2629 713 2675 Apulia
736 2629 902 2664 condidit
925 2629 1129 2673 civitatem,
1151 2641 1261 2676 quam
1280 2630 1408 2676 patriae
1436 2643 1506 2665 suae
1531 2633 1684 2667 nomine
