1783 3282
519 261 866 296 HISTORIARUM
898 264 987 297 LIB.
1017 266 1095 300 XX.
1431 267 1501 312 175

137 343 288 387 militia
308 344 496 404 gravati,
519 343 727 387 auxilium
749 361 774 387 a
798 346 976 388 Castore
996 356 1038 388 et
1065 347 1238 392 Polluce
1259 360 1404 410 petere
1425 366 1498 394 eos

131 423 297 481 jubent.
312 424 466 482 Neque
492 421 622 483 legati
645 440 901 483 responsum
926 424 1050 467 sociae
1077 426 1195 468 urbis
1216 438 1492 486 spreverunt:

133 500 403 560 profectique
426 502 466 544 in
492 503 736 562 proximum
751 501 976 562 templum,
989 501 1103 546 facto
1122 505 1355 562 sacrificio,
1374 508 1494 550 auxi-

133 579 239 622 lium
268 579 449 623 deorum
473 580 716 641 implorant.
746 582 901 624 Litatis
924 581 1100 637 hostiis,
1127 582 1390 644 obtentoque
1407 620 1417 640 ,
1444 597 1491 630 ut

132 658 359 714 rebantur,
385 658 503 718 quod
524 660 748 719 petebant,
770 659 889 703 haud
912 676 1033 704 secus
1048 659 1153 716 laeti,
1181 677 1311 720 quarn
1336 664 1369 704 si
1391 663 1491 707 deos

132 754 245 797 lpsos
263 753 407 781 secum
435 738 627 781 avecturi
650 747 813 792 essent,
840 738 1086 797 pulvinaria
1112 740 1161 783 iis
1188 740 1232 783 in
1258 741 1359 784 navi
1379 758 1493 784 com-

131 825 322 874 ponunt3
348 815 584 874 faustisque
620 815 801 875 profecti
833 817 1074 874 ominibus,
1108 817 1260 862 solatia
1291 820 1378 862 suis
1416 837 1495 879 pro

131 893 299 937 auxiliis
327 893 571 954 deportant.

192 975 270 1016 III.
298 974 375 1017 His
400 974 604 1034 cognitis,
622 975 928 1018 Crotonienses
957 985 999 1018 et
1023 977 1104 1036 ipsi
1131 975 1295 1036 legatos
1320 977 1375 1021 ad
1399 995 1495 1022 ora-

128 1053 275 1097 culum
306 1051 500 1113 Delphos
545 1054 747 1109 mittunt,
790 1055 979 1098 victoriae
1018 1055 1269 1099 facultatem
1306 1055 1494 1117 bellique

127 1148 356 1193 prosperos
380 1142 559 1176 eventus
583 1131 873 1194 deprecantes.
891 1136 1187 1194 Responsum,
1209 1154 1229 1175 (ι
1244 1138 1366 1196 prius
1380 1138 1492 1180 votis

127 1212 290 1267 hostes,
312 1227 441 1271 quam
462 1212 614 1267 armis,
635 1209 918 1256 vincendos.»
945 1213 1097 1268 Quum
1120 1215 1337 1257 vovissent
1364 1215 1492 1275 Apol-

127 1290 202 1334 lini
228 1291 414 1334 decimas
438 1290 613 1351 praedae,
641 1292 877 1335 Locrenses
901 1301 943 1335 et
970 1301 1073 1336 voto
1098 1292 1312 1348 hostium,
1337 1303 1380 1336 et
1411 1310 1492 1337 res—

125 1386 263 1430 ponso
303 1369 371 1412 dei
409 1369 604 1429 cognito,
643 1384 780 1412 nonas
819 1379 1060 1426 voverunt3
1096 1372 1358 1431 tacitamque
1395 1388 1489 1415 eam

123 1464 215 1491 rem
256 1447 464 1503 habuere,
501 1464 554 1490 ne
593 1448 705 1491 votis
744 1448 1038 1492 vincerentur.
1079 1451 1233 1510 Itaque
1270 1467 1406 1510 quum
1446 1453 1489 1494 in

122 1529 256 1571 aciem
291 1527 619 1588 processissent,
653 1536 697 1571 et
730 1528 1084 1571 Crotoniensium
1125 1515 1300 1572 centum
1333 1531 1490 1590 viginti

123 1606 256 1652 millia
294 1615 559 1650 armatorum
597 1606 915 1662 constitissent,
952 1609 1189 1652 Locrenses
1223 1609 1487 1668 paucitatem

123 1703 245 1730 suam
272 1686 662 1746 circumspicientes
691 1683 815 1745 (nam
841 1685 931 1729 sola
961 1687 1212 1746 quindecim
1239 1687 1374 1731 millia
1407 1689 1489 1731 mi-

122 1765 247 1809 litum
261 1765 518 1825 habebant),
538 1765 694 1808 omissa
711 1781 785 1825 spe
803 1765 994 1808 victoriae
1009 1800 1020 1821 ,
1036 1767 1081 1809 in
1101 1766 1358 1810 destinatam
1376 1784 1490 1811 mor-

122 1855 207 1887 tem
231 1845 485 1904 conspirant
509 1861 520 1900 3
547 1853 782 1904 tantusque
804 1844 935 1888 ardor
978 1861 1029 1888 ex
1068 1844 1370 1906 desperatione
1409 1849 1491 1891 sin-

118 1923 242 1984 gulos
273 1925 414 1983 cepit,
441 1933 490 1967 ut
510 1924 695 1967 victores
720 1940 764 1967 se
790 1933 1016 1984 putarent,
1050 1926 1084 1968 si
1116 1941 1206 1968 non
1238 1925 1366 1969 inulti
1393 1944 1485 1971 mo-

117 2013 331 2048 rerentur.
378 2003 462 2047 Sed
507 2002 612 2046 dum
659 2004 771 2046 mori
807 2003 987 2047 honeste
1035 2015 1257 2063 quaerunt,
1303 2004 1490 2050 feliciter

117 2085 346 2128 vicerunt:
369 2101 447 2128 nec
477 2082 561 2127 alia
592 2100 720 2128 causa
751 2085 944 2128 victoriae
969 2084 1077 2140 fuit,
1104 2103 1237 2145 quam
1263 2086 1381 2146 quod
1420 2087 1490 2131 de-

117 2173 412 2223 speraverunt.
446 2164 749 2225 Pugnantibus
782 2167 955 2221 Locris,
995 2165 1141 2225 aquila
1177 2167 1231 2210 ab
1267 2169 1358 2212 acic
1383 2185 1490 2212 nun·

116 2258 245 2302 quam
276 2244 474 2298 recessit,
511 2259 672 2302 eosque
708 2254 797 2287 tam
837 2243 911 2288 diu
946 2245 1301 2301 circumvolavit,
1341 2248 1486 2305 quoad

114 2322 350 2365 vincerent.
377 2325 428 2366 In
467 2324 671 2366 cornibus
706 2339 881 2383 quoque
921 2323 1008 2367 duo
1039 2325 1222 2383 juvenes
1265 2325 1437 2369 diverso
1464 2343 1488 2370 a

115 2402 265 2444 ceteris
298 2417 521 2445 armorum
552 2402 729 2456 habitu,
761 2403 917 2446 eximia
945 2403 1269 2464 magnitudine,
1301 2415 1344 2448 et
1379 2405 1486 2448 albis

114 2481 254 2539 equis,
280 2490 322 2523 et
342 2482 551 2524 coccineis
573 2481 913 2540 paludamentis,
935 2499 1132 2544 pugnare
1152 2485 1232 2528 visi
1256 2494 1379 2542 sunt,
1406 2502 1486 2528 nec

115 2558 229 2602 ultra
255 2570 577 2619 apparuerunt,
608 2577 737 2619 quam
763 2571 1008 2620 pugnatum
1036 2574 1111 2605 est.
1147 2565 1271 2606 Hanc
1297 2563 1484 2607 admira-

117 2639 273 2681 tionem
301 2640 422 2681 auxit
463 2639 723 2681 incredibilis
765 2640 887 2683 samae
929 2641 1147 2685 velocitas.
1191 2644 1301 2687 Nam
1336 2642 1484 2686 eadem
