1783 3282
378 294 420 316 12
961 281 1147 316 JL‘STINI

372 366 447 409 tris
491 366 725 425 AEgyptum
773 363 929 424 adjecit
967 382 975 405 :
1016 364 1088 407 sed
1129 363 1318 407 offensus
1362 362 1741 422 superstitionibus

371 445 698 504 AEgyptiorum,
732 445 860 504 Apis,
897 453 1228 502 ceterorumque
1261 442 1440 485 deorum
1482 442 1589 485 aedes
1627 442 1741 485 dirui

366 522 500 582 jubet.
531 522 599 566 Ad
627 524 853 566 Ammonis
881 538 1054 581 quoque
1083 520 1400 564 nobilissimum
1428 520 1639 580 templum
1670 537 1742 563 ex-

369 601 655 662 pugnandum
678 603 914 645 exercitum
936 602 1071 644 mittit
1094 617 1103 643 :
1128 601 1202 659 qui
1227 600 1556 659 tempestatibus
1586 609 1627 642 et
1655 616 1743 642 are-

370 698 524 725 narum
557 680 744 724 molibus
775 696 1025 740 oppressus,
1049 680 1227 723 interiit.
1261 681 1363 722 Post
1390 679 1480 721 haec
1513 695 1591 738 per
1622 679 1743 738 quie-

370 771 457 804 tem
478 760 587 804 vidit
609 760 787 804 fratrem
811 777 938 803 suum
962 757 1175 803 Smerdim
1195 768 1495 819 regnaturum.
1516 759 1616 814 Quo
1635 774 1743 801 som-

371 841 444 883 nio
473 840 725 895 exterritus,
748 856 837 883 non
866 838 1080 882 dubitavit
1109 847 1207 898 post
1235 836 1458 898 sacrilegia
1486 837 1616 881 etiam
1643 854 1742 898 par-

368 919 571 962 ricidium
606 919 758 962 facere.
800 921 903 962 Erat
936 919 1053 962 enim
1086 916 1282 971 difficile,
1309 927 1358 960 ut
1397 927 1594 977 parceret
1632 919 1743 971 suis,

367 999 462 1058 qui,
485 1015 584 1041 cum
608 1007 863 1056 contemptu
882 996 1103 1058 religionis
1117 1031 1128 1051 ,
1151 1006 1366 1057 grassatus
1387 998 1517 1039 etiam
1537 996 1743 1040 adversus

368 1077 470 1119 deos
494 1074 653 1119 fueratl
680 1076 747 1120 Ad
777 1075 860 1119 hoc
895 1084 983 1118 tam
1009 1074 1183 1119 crudele
1218 1075 1535 1129 ministerium,
1559 1077 1741 1136 Magum

367 1154 600 1214 quemdam
637 1171 688 1197 ex
720 1154 868 1197 amicis
897 1152 1076 1214 delegit,
1116 1154 1294 1196 nomine
1321 1155 1595 1213 Prexaspem.
1629 1156 1744 1197 Inte-

367 1235 451 1277 rim
482 1235 594 1293 ipse,
618 1232 761 1294 gladio
789 1250 865 1277 sua
893 1243 1047 1293 sponte
1075 1234 1328 1294 evaginato,
1349 1234 1394 1275 in
1417 1232 1580 1276 femore
1603 1234 1744 1294 gravi-

368 1322 433 1356 ter
459 1311 738 1363 vulneratus,
766 1312 996 1367 occubuit3
1026 1327 1260 1371 poenasque
1295 1310 1395 1366 luit,
1432 1328 1507 1355 seu
1544 1313 1741 1371 imperati

367 1391 614 1451 parricidii,
637 1408 712 1435 seu
734 1391 946 1452 sacrilegii
971 1391 1220 1451 perpetrati.
1242 1392 1344 1448 Quo
1365 1392 1521 1435 nuntio
1542 1402 1743 1451 accepto,

367 1473 522 1531 Magus
551 1481 652 1514 ante
690 1471 850 1514 famam
883 1472 1027 1514 amissi
1056 1472 1170 1531 regis
1203 1480 1388 1530 occupat
1422 1470 1608 1526 facinus,
1640 1487 1744 1531 pro-

367 1560 590 1611 stratoque
613 1550 812 1604 Smerde,
838 1552 907 1594 cui
929 1568 1113 1612 regnum
1137 1551 1388 1606 debebatur,
1413 1550 1593 1594 fratrem
1619 1567 1744 1594 suum

367 1630 549 1690 subjecit
570 1632 850 1690 Orospasten.
871 1633 976 1674 Erat
1001 1631 1118 1674 enim
1144 1641 1187 1674 et
1211 1631 1298 1674 oris
1326 1640 1368 1673 et
1391 1632 1587 1690 corporis
1610 1629 1744 1673 linea-

367 1711 525 1754 mentis
545 1709 803 1770 persimilis;
834 1726 883 1753 ac
906 1711 1081 1753 nemine
1110 1711 1282 1753 subesse
1304 1709 1455 1753 dolum
1479 1710 1745 1765 arbitrante,

367 1805 448 1849 pro
471 1789 650 1833 Smerde
678 1805 752 1832 rex
782 1791 1022 1849 Orospasta
1047 1790 1341 1832 constituitur.
1367 1790 1477 1845 Quae
1500 1805 1565 1832 res
1594 1805 1643 1831 eo
1672 1804 1744 1831 oc-

366 1867 525 1912 cultior
549 1868 654 1923 fuit,
679 1867 797 1928 quod
820 1867 937 1927 apud
960 1870 1111 1911 Persas
1136 1884 1323 1927 persona
1349 1868 1463 1927 regis
1491 1868 1570 1910 sub
1605 1869 1746 1927 specie

366 1948 604 2008 majestatis
638 1946 866 1990 occulitur.
906 1948 1045 2007 Igitur
1091 1948 1238 2007 Magi,
1268 1946 1323 1989 ad
1363 1946 1557 1989 favorem
1594 1947 1743 2007 populi

367 2025 717 2081 conciliandum,
746 2026 909 2069 tributa
946 2035 988 2068 et
1024 2024 1189 2068 militiae
1226 2026 1502 2069 vacationem
1534 2027 1579 2068 in
1612 2027 1746 2070 trien-

367 2106 490 2148 nium
519 2106 777 2159 remittunt;
814 2115 863 2148 ut
899 2121 1109 2165 regnum,
1134 2104 1252 2164 quod
1280 2104 1431 2148 fraude
1460 2106 1746 2164 quaesierant,

368 2184 640 2246 indulgentia
674 2194 717 2228 et
745 2183 1049 2245 largitionibus
1078 2184 1401 2227 confirmarent.
1436 2185 1548 2240 Quae
1580 2201 1648 2228 res
1679 2202 1747 2228 su-

367 2274 512 2323 specta
531 2265 673 2324 primo
693 2264 828 2307 Otani
847 2264 942 2307 viro
967 2263 1124 2319 nobili,
1149 2273 1189 2306 et
1214 2264 1258 2306 in
1279 2264 1541 2323 conjecturis
1562 2265 1747 2324 sagacis-

367 2344 476 2386 simo
492 2376 502 2395 ,
525 2343 620 2386 fuit.
646 2345 800 2403 Itaque
830 2359 907 2402 per
936 2343 1231 2386 internuntios
1255 2344 1409 2403 quaerit
1433 2343 1485 2386 de
1511 2342 1624 2398 filia,
1651 2360 1746 2403 quae

367 2423 482 2465 inter
509 2423 649 2482 regias
672 2421 847 2481 pellices
873 2433 988 2476 erat,
1012 2439 1066 2464 an
1090 2423 1193 2482 Cyri
1218 2422 1361 2482 regius
1387 2421 1500 2466 filius
1524 2438 1598 2465 rex
1621 2432 1744 2466 esset.

366 2500 470 2557 Illa,
498 2521 517 2541 t<
535 2503 626 2545 Nec
653 2517 696 2544 se
722 2503 860 2561 ipsam
892 2502 1018 2556 scire,
1041 2512 1123 2555 ait,
1144 2518 1223 2545 nec
1245 2502 1297 2545 de
1321 2501 1403 2544 alia
1433 2519 1558 2562 posse
1586 2519 1747 2562 eogno-

366 2596 485 2623 scere
516 2598 524 2622 :
557 2581 659 2640 quia
681 2580 860 2641 singulae
885 2582 1118 2641 separatim
1143 2580 1439 2626 recludantur.
1462 2602 1481 2622 n
1510 2584 1620 2625 Tun]
1652 2599 1747 2641 pcr-

369 2669 555 2703 tractare
577 2659 812 2704 dormienti
835 2671 963 2721 caput
986 2661 1131 2721 jubet3
1153 2678 1252 2705 nam
1274 2663 1406 2722 'Mago
1421 2662 1655 2721 Cambyses
1675 2678 1747 2705 au-
