<?xml version="1.0" encoding="UTF-8"?>
<!DOCTYPE html PUBLIC "-//W3C//DTD XHTML 1.0 Transitional//EN"
    "http://www.w3.org/TR/xhtml1/DTD/xhtml1-transitional.dtd">
<html xmlns="http://www.w3.org/1999/xhtml" xml:lang="en" lang="en">
 <head>
  <title>
</title>
<meta http-equiv="Content-Type" content="text/html;charset=utf-8" />
  <meta name='ocr-system' content='tesseract 3.04.00' />
  <meta name='ocr-capabilities' content='ocr_page ocr_carea ocr_par ocr_line ocrx_word'/>
</head>
<body>
  <div class='ocr_page' id='page_1' title='image "./historiarumphili01justuoft_0148.png"; bbox 0 0 1783 3282; ppageno 0'>
   <div class='ocr_carea' id='block_1_1' title="bbox 345 240 1112 276">
    <p class='ocr_par' dir='ltr' id='par_1_1' title="bbox 345 240 1112 276">
     <span class='ocr_line' id='line_1_1' title="bbox 345 240 1112 276; baseline -0.004 0"><span class='ocrx_word' id='word_1_1' title='bbox 345 255 356 276; x_wconf 94' lang='lat'>1</span> <span class='ocrx_word' id='word_1_2' title='bbox 365 241 410 273; x_wconf 73' lang='lat'><strong>30</strong></span> <span class='ocrx_word' id='word_1_3' title='bbox 925 240 1112 275; x_wconf 76' lang='lat' dir='ltr'>JUSTINI</span> 
     </span>
    </p>
   </div>
   <div class='ocr_carea' id='block_1_2' title="bbox 333 322 1761 2602">
    <p class='ocr_par' dir='ltr' id='par_1_2' title="bbox 334 322 1705 681">
     <span class='ocr_line' id='line_1_2' title="bbox 337 322 1704 383; baseline -0.004 -15"><span class='ocrx_word' id='word_1_4' title='bbox 337 333 656 368; x_wconf 81' lang='lat' dir='ltr'>crementorum</span> <span class='ocrx_word' id='word_1_5' title='bbox 683 324 864 367; x_wconf 87' lang='lat' dir='ltr'><strong>materia</strong></span> <span class='ocrx_word' id='word_1_6' title='bbox 890 323 1088 383; x_wconf 86' lang='lat' dir='ltr'><strong>plurimis</strong></span> <span class='ocrx_word' id='word_1_7' title='bbox 1117 324 1197 366; x_wconf 77' lang='lat' dir='ltr'><strong>tuit</strong></span> <span class='ocrx_word' id='word_1_8' title='bbox 1225 340 1234 365; x_wconf 72' lang='grc' dir='ltr'><strong><em>ι</em></strong></span> <span class='ocrx_word' id='word_1_9' title='bbox 1261 322 1473 382; x_wconf 86' lang='lat' dir='ltr'>siquidem</span> <span class='ocrx_word' id='word_1_10' title='bbox 1498 336 1586 363; x_wconf 92' lang='lat' dir='ltr'><strong>non</strong></span> <span class='ocrx_word' id='word_1_11' title='bbox 1614 336 1704 362; x_wconf 88' lang='lat' dir='ltr'><strong>ma-</strong></span> 
     </span>
     <span class='ocr_line' id='line_1_3' title="bbox 336 398 1703 462; baseline -0.004 -17"><span class='ocrx_word' id='word_1_12' title='bbox 336 419 420 462; x_wconf 87' lang='lat' dir='ltr'><strong>gno</strong></span> <span class='ocrx_word' id='word_1_13' title='bbox 446 412 545 462; x_wconf 90' lang='lat' dir='ltr'><strong>post</strong></span> <span class='ocrx_word' id='word_1_14' title='bbox 582 411 801 462; x_wconf 84' lang='lat' dir='ltr'><strong>tempore,</strong></span> <span class='ocrx_word' id='word_1_15' title='bbox 829 403 951 462; x_wconf 85' lang='lat' dir='ltr'>quasi</span> <span class='ocrx_word' id='word_1_16' title='bbox 979 417 1140 461; x_wconf 85' lang='lat' dir='ltr'><strong>regna,</strong></span> <span class='ocrx_word' id='word_1_17' title='bbox 1168 417 1258 443; x_wconf 92' lang='lat' dir='ltr'><strong>non</strong></span> <span class='ocrx_word' id='word_1_18' title='bbox 1290 400 1567 460; x_wconf 82' lang='lat' dir='ltr'><strong>praefecturas</strong></span> <span class='ocrx_word' id='word_1_19' title='bbox 1595 398 1703 440; x_wconf 85' lang='lat' dir='ltr'><strong>divi-</strong></span> 
     </span>
     <span class='ocr_line' id='line_1_4' title="bbox 335 479 1704 541; baseline -0.004 -18"><span class='ocrx_word' id='word_1_20' title='bbox 335 482 511 537; x_wconf 76' lang='lat' dir='ltr'><strong>sissent,</strong></span> <span class='ocrx_word' id='word_1_21' title='bbox 546 481 606 524; x_wconf 89' lang='lat' dir='ltr'><strong>sic</strong></span> <span class='ocrx_word' id='word_1_22' title='bbox 634 497 756 541; x_wconf 84' lang='lat' dir='ltr'><strong>reges</strong></span> <span class='ocrx_word' id='word_1_23' title='bbox 787 497 838 523; x_wconf 87' lang='lat' dir='ltr'><strong>ex</strong></span> <span class='ocrx_word' id='word_1_24' title='bbox 867 479 1080 539; x_wconf 83' lang='lat' dir='ltr'><strong>praef&#39;ectis</strong></span> <span class='ocrx_word' id='word_1_25' title='bbox 1113 479 1236 533; x_wconf 82' lang='lat' dir='ltr'><strong>facti,</strong></span> <span class='ocrx_word' id='word_1_26' title='bbox 1267 495 1446 538; x_wconf 84' lang='lat' dir='ltr'><strong>magnas</strong></span> <span class='ocrx_word' id='word_1_27' title='bbox 1479 494 1583 538; x_wconf 92' lang='lat' dir='ltr'><strong>opes</strong></span> <span class='ocrx_word' id='word_1_28' title='bbox 1615 493 1704 519; x_wconf 89' lang='lat' dir='ltr'><strong>non</strong></span> 
     </span>
     <span class='ocr_line' id='line_1_5' title="bbox 335 555 1705 619; baseline -0.002 -18"><span class='ocrx_word' id='word_1_29' title='bbox 335 559 415 602; x_wconf 89' lang='lat' dir='ltr'><strong>sibi</strong></span> <span class='ocrx_word' id='word_1_30' title='bbox 451 570 622 603; x_wconf 87' lang='lat' dir='ltr'><strong>tantum</strong></span> <span class='ocrx_word' id='word_1_31' title='bbox 655 567 935 619; x_wconf 85' lang='lat' dir='ltr'><strong>paraverunt,</strong></span> <span class='ocrx_word' id='word_1_32' title='bbox 960 574 1114 601; x_wconf 57' lang='lat' dir='ltr'><strong>‘verum</strong></span> <span class='ocrx_word' id='word_1_33' title='bbox 1149 558 1280 600; x_wconf 88' lang='lat' dir='ltr'><strong>etiam</strong></span> <span class='ocrx_word' id='word_1_34' title='bbox 1306 558 1489 616; x_wconf 84' lang='lat' dir='ltr'><strong>posteris</strong></span> <span class='ocrx_word' id='word_1_35' title='bbox 1518 555 1705 615; x_wconf 89' lang='lat' dir='ltr'><strong>relique-</strong></span> 
     </span>
     <span class='ocr_line' id='line_1_6' title="bbox 334 648 447 681; baseline 0.009 -1"><span class='ocrx_word' id='word_1_36' title='bbox 334 648 447 681; x_wconf 90' lang='lat' dir='ltr'><strong>runt.</strong></span> 
     </span>
    </p>

    <p class='ocr_par' dir='ltr' id='par_1_3' title="bbox 333 713 1761 2602">
     <span class='ocr_line' id='line_1_7' title="bbox 396 713 1706 776; baseline -0.003 -16"><span class='ocrx_word' id='word_1_37' title='bbox 396 719 449 760; x_wconf 89' lang='lat' dir='ltr'><strong>V.</strong></span> <span class='ocrx_word' id='word_1_38' title='bbox 478 720 596 760; x_wconf 89' lang='lat' dir='ltr'><strong>Dum</strong></span> <span class='ocrx_word' id='word_1_39' title='bbox 628 717 717 760; x_wconf 81' lang='lat' dir='ltr'><strong>haec</strong></span> <span class='ocrx_word' id='word_1_40' title='bbox 749 717 792 759; x_wconf 90' lang='lat' dir='ltr'><strong>in</strong></span> <span class='ocrx_word' id='word_1_41' title='bbox 823 716 1005 759; x_wconf 85' lang='lat' dir='ltr'>Oriente</span> <span class='ocrx_word' id='word_1_42' title='bbox 1038 724 1253 776; x_wconf 85' lang='lat' dir='ltr'><strong>aguntur,</strong></span> <span class='ocrx_word' id='word_1_43' title='bbox 1288 716 1332 756; x_wconf 88' lang='lat' dir='ltr'><strong>in</strong></span> <span class='ocrx_word' id='word_1_44' title='bbox 1369 714 1539 757; x_wconf 88' lang='lat' dir='ltr'><strong>Graecia</strong></span> <span class='ocrx_word' id='word_1_45' title='bbox 1574 713 1706 758; x_wconf 86' lang='lat' dir='ltr'><strong>Athe-</strong></span> 
     </span>
     <span class='ocr_line' id='line_1_8' title="bbox 335 792 1710 855; baseline -0.003 -16"><span class='ocrx_word' id='word_1_46' title='bbox 335 797 504 839; x_wconf 87' lang='lat' dir='ltr'><strong>nienses</strong></span> <span class='ocrx_word' id='word_1_47' title='bbox 529 805 572 839; x_wconf 89' lang='lat' dir='ltr'><strong>et</strong></span> <span class='ocrx_word' id='word_1_48' title='bbox 601 794 729 838; x_wconf 85' lang='lat' dir='ltr'><strong>AEtoli</strong></span> <span class='ocrx_word' id='word_1_49' title='bbox 753 794 939 849; x_wconf 87' lang='lat' dir='ltr'><strong>bellum,</strong></span> <span class='ocrx_word' id='word_1_50' title='bbox 966 795 1084 855; x_wconf 90' lang='lat' dir='ltr'><strong>quod</strong></span> <span class='ocrx_word' id='word_1_51' title='bbox 1102 795 1191 854; x_wconf 83' lang='lat' dir='ltr'><strong>jam</strong></span> <span class='ocrx_word' id='word_1_52' title='bbox 1219 795 1319 836; x_wconf 84' lang='lat' dir='ltr'><strong>vivo</strong></span> <span class='ocrx_word' id='word_1_53' title='bbox 1341 792 1590 837; x_wconf 88' lang='lat' dir='ltr'><strong>Alexandro</strong></span> <span class='ocrx_word' id='word_1_54' title='bbox 1615 809 1710 835; x_wconf 90' lang='lat' dir='ltr'><strong>mo-</strong></span> 
     </span>
     <span class='ocr_line' id='line_1_9' title="bbox 333 870 1709 930; baseline -0.003 -12"><span class='ocrx_word' id='word_1_55' title='bbox 333 884 509 930; x_wconf 86' lang='lat' dir='ltr'><strong>verant,</strong></span> <span class='ocrx_word' id='word_1_56' title='bbox 535 875 715 917; x_wconf 88' lang='lat' dir='ltr'><strong>summis</strong></span> <span class='ocrx_word' id='word_1_57' title='bbox 742 874 906 917; x_wconf 82' lang='lat' dir='ltr'><strong>viribus</strong></span> <span class='ocrx_word' id='word_1_58' title='bbox 934 873 1223 917; x_wconf 81' lang='lat' dir='ltr'><strong>instruebant.</strong></span> <span class='ocrx_word' id='word_1_59' title='bbox 1254 874 1404 915; x_wconf 84' lang='lat' dir='ltr'><strong>Causae</strong></span> <span class='ocrx_word' id='word_1_60' title='bbox 1432 870 1534 915; x_wconf 92' lang='lat' dir='ltr'><strong>belli</strong></span> <span class='ocrx_word' id='word_1_61' title='bbox 1559 880 1709 925; x_wconf 88' lang='lat' dir='ltr'><strong>erant,</strong></span> 
     </span>
     <span class='ocr_line' id='line_1_10' title="bbox 334 950 1709 1012; baseline -0.001 -17"><span class='ocrx_word' id='word_1_62' title='bbox 334 953 452 1012; x_wconf 91' lang='lat' dir='ltr'><strong>quod</strong></span> <span class='ocrx_word' id='word_1_63' title='bbox 466 968 663 995; x_wconf 87' lang='lat' dir='ltr'><strong>reversus</strong></span> <span class='ocrx_word' id='word_1_64' title='bbox 689 952 740 994; x_wconf 89' lang='lat' dir='ltr'><strong>ab</strong></span> <span class='ocrx_word' id='word_1_65' title='bbox 760 951 885 994; x_wconf 81' lang='lat' dir='ltr'><strong>India</strong></span> <span class='ocrx_word' id='word_1_66' title='bbox 910 951 1176 1006; x_wconf 75' lang='lat' dir='ltr'><strong>Alexander,</strong></span> <span class='ocrx_word' id='word_1_67' title='bbox 1200 950 1404 1011; x_wconf 82' lang='lat' dir='ltr'><strong>epistolas</strong></span> <span class='ocrx_word' id='word_1_68' title='bbox 1430 952 1473 993; x_wconf 92' lang='lat' dir='ltr'><strong>in</strong></span> <span class='ocrx_word' id='word_1_69' title='bbox 1493 951 1709 994; x_wconf 87' lang='lat' dir='ltr'><strong>Graeciam</strong></span> 
     </span>
     <span class='ocr_line' id='line_1_11' title="bbox 334 1030 1711 1091; baseline -0.001 -16"><span class='ocrx_word' id='word_1_70' title='bbox 334 1033 586 1091; x_wconf 80' lang='lat' dir='ltr'><strong>scripserat,</strong></span> <span class='ocrx_word' id='word_1_71' title='bbox 625 1031 781 1090; x_wconf 88' lang='lat' dir='ltr'><strong>quibus</strong></span> <span class='ocrx_word' id='word_1_72' title='bbox 820 1032 1018 1073; x_wconf 89' lang='lat' dir='ltr'><strong>omnium</strong></span> <span class='ocrx_word' id='word_1_73' title='bbox 1059 1031 1288 1073; x_wconf 82' lang='lat' dir='ltr'><strong>civitatum</strong></span> <span class='ocrx_word' id='word_1_74' title='bbox 1329 1030 1517 1085; x_wconf 84' lang='lat' dir='ltr'><strong>exsules,</strong></span> <span class='ocrx_word' id='word_1_75' title='bbox 1554 1040 1711 1090; x_wconf 82' lang='lat' dir='ltr'><strong>praeter</strong></span> 
     </span>
     <span class='ocr_line' id='line_1_12' title="bbox 334 1109 1711 1168; baseline -0.001 -15"><span class='ocrx_word' id='word_1_76' title='bbox 334 1110 460 1153; x_wconf 88' lang='lat' dir='ltr'><strong>caedis</strong></span> <span class='ocrx_word' id='word_1_77' title='bbox 481 1110 732 1165; x_wconf 88' lang='lat' dir='ltr'><strong>damnatos,</strong></span> <span class='ocrx_word' id='word_1_78' title='bbox 759 1109 1116 1153; x_wconf 82' lang='lat' dir='ltr'><strong>restituebantur.</strong></span> <span class='ocrx_word' id='word_1_79' title='bbox 1139 1109 1249 1164; x_wconf 86' lang='lat' dir='ltr'><strong>Quae</strong></span> <span class='ocrx_word' id='word_1_80' title='bbox 1272 1110 1482 1161; x_wconf 74' lang='lat' dir='ltr'><strong>recitatae,</strong></span> <span class='ocrx_word' id='word_1_81' title='bbox 1501 1117 1711 1168; x_wconf 71' lang='lat' dir='ltr'><strong>praesente</strong></span> 
     </span>
     <span class='ocr_line' id='line_1_13' title="bbox 334 1188 1712 1248; baseline 0 -16"><span class='ocrx_word' id='word_1_82' title='bbox 334 1190 535 1232; x_wconf 88' lang='lat' dir='ltr'><strong>universa</strong></span> <span class='ocrx_word' id='word_1_83' title='bbox 559 1190 748 1244; x_wconf 85' lang='lat' dir='ltr'><strong>Graecia,</strong></span> <span class='ocrx_word' id='word_1_84' title='bbox 775 1190 818 1231; x_wconf 91' lang='lat' dir='ltr'><strong>in</strong></span> <span class='ocrx_word' id='word_1_85' title='bbox 848 1198 1045 1231; x_wconf 88' lang='lat' dir='ltr'><strong>mercatu</strong></span> <span class='ocrx_word' id='word_1_86' title='bbox 1070 1188 1340 1248; x_wconf 79' lang='lat' dir='ltr'><strong>olympiaco,</strong></span> <span class='ocrx_word' id='word_1_87' title='bbox 1366 1204 1548 1248; x_wconf 87' lang='lat' dir='ltr'><strong>magnos</strong></span> <span class='ocrx_word' id='word_1_88' title='bbox 1566 1198 1712 1232; x_wconf 90' lang='lat' dir='ltr'><strong>motus</strong></span> 
     </span>
     <span class='ocr_line' id='line_1_14' title="bbox 335 1266 1713 1327; baseline -0.001 -15"><span class='ocrx_word' id='word_1_89' title='bbox 335 1269 564 1312; x_wconf 84' lang='lat' dir='ltr'><strong>fecerunt:</strong></span> <span class='ocrx_word' id='word_1_90' title='bbox 595 1268 712 1327; x_wconf 87' lang='lat' dir='ltr'><strong>quod</strong></span> <span class='ocrx_word' id='word_1_91' title='bbox 748 1267 926 1327; x_wconf 85' lang='lat' dir='ltr'><strong>plurimi</strong></span> <span class='ocrx_word' id='word_1_92' title='bbox 961 1284 1050 1310; x_wconf 90' lang='lat' dir='ltr'><strong>non</strong></span> <span class='ocrx_word' id='word_1_93' title='bbox 1090 1266 1256 1327; x_wconf 80' lang='lat' dir='ltr'><strong>legibus</strong></span> <span class='ocrx_word' id='word_1_94' title='bbox 1288 1266 1401 1327; x_wconf 88' lang='lat' dir='ltr'><strong>pulsi</strong></span> <span class='ocrx_word' id='word_1_95' title='bbox 1435 1268 1600 1327; x_wconf 88' lang='lat' dir='ltr'><strong>patria,</strong></span> <span class='ocrx_word' id='word_1_96' title='bbox 1638 1266 1713 1310; x_wconf 89' lang='lat' dir='ltr'><strong>sed</strong></span> 
     </span>
     <span class='ocr_line' id='line_1_15' title="bbox 337 1346 1713 1408; baseline -0.001 -17"><span class='ocrx_word' id='word_1_97' title='bbox 337 1365 413 1408; x_wconf 90' lang='lat' dir='ltr'><strong>per</strong></span> <span class='ocrx_word' id='word_1_98' title='bbox 459 1348 692 1391; x_wconf 84' lang='lat' dir='ltr'><strong>factionem</strong></span> <span class='ocrx_word' id='word_1_99' title='bbox 740 1348 989 1407; x_wconf 88' lang='lat' dir='ltr'><strong>principum</strong></span> <span class='ocrx_word' id='word_1_100' title='bbox 1031 1347 1227 1400; x_wconf 80' lang='lat' dir='ltr'><strong>fuerant3</strong></span> <span class='ocrx_word' id='word_1_101' title='bbox 1268 1347 1520 1390; x_wconf 88' lang='lat' dir='ltr'><strong>verentibus</strong></span> <span class='ocrx_word' id='word_1_102' title='bbox 1560 1346 1713 1389; x_wconf 90' lang='lat' dir='ltr'><strong>iisdem</strong></span> 
     </span>
     <span class='ocr_line' id='line_1_16' title="bbox 335 1422 1761 1486; baseline -0.001 -17"><span class='ocrx_word' id='word_1_103' title='bbox 335 1427 639 1486; x_wconf 87' lang='lat' dir='ltr'><strong>principibus,</strong></span> <span class='ocrx_word' id='word_1_104' title='bbox 671 1443 723 1469; x_wconf 88' lang='lat' dir='ltr'><strong>ne</strong></span> <span class='ocrx_word' id='word_1_105' title='bbox 758 1427 947 1469; x_wconf 80' lang='lat' dir='ltr'><strong>revocati</strong></span> <span class='ocrx_word' id='word_1_106' title='bbox 988 1427 1258 1485; x_wconf 87' lang='lat' dir='ltr'><strong>potentiores</strong></span> <span class='ocrx_word' id='word_1_107' title='bbox 1298 1426 1342 1468; x_wconf 92' lang='lat' dir='ltr'><strong>in</strong></span> <span class='ocrx_word' id='word_1_108' title='bbox 1383 1424 1607 1485; x_wconf 87' lang='lat' dir='ltr'><strong>republica</strong></span> <span class='ocrx_word' id='word_1_109' title='bbox 1641 1425 1714 1468; x_wconf 90' lang='lat' dir='ltr'><strong>fie-</strong></span> <span class='ocrx_word' id='word_1_110' title='bbox 1758 1422 1761 1424; x_wconf 53' lang='grc'><strong>’</strong></span> 
     </span>
     <span class='ocr_line' id='line_1_17' title="bbox 335 1504 1713 1565; baseline 0 -17"><span class='ocrx_word' id='word_1_111' title='bbox 335 1516 447 1548; x_wconf 88' lang='lat' dir='ltr'><strong>rent.</strong></span> <span class='ocrx_word' id='word_1_112' title='bbox 478 1505 627 1548; x_wconf 89' lang='lat' dir='ltr'><strong>Palam</strong></span> <span class='ocrx_word' id='word_1_113' title='bbox 653 1507 785 1565; x_wconf 79' lang='lat' dir='ltr'><strong>igitur</strong></span> <span class='ocrx_word' id='word_1_114' title='bbox 805 1506 893 1565; x_wconf 84' lang='lat' dir='ltr'><strong>jam</strong></span> <span class='ocrx_word' id='word_1_115' title='bbox 923 1515 1026 1548; x_wconf 89' lang='lat' dir='ltr'><strong>tunc</strong></span> <span class='ocrx_word' id='word_1_116' title='bbox 1054 1504 1202 1548; x_wconf 84' lang='lat' dir='ltr'><strong>multae</strong></span> <span class='ocrx_word' id='word_1_117' title='bbox 1239 1506 1435 1548; x_wconf 85' lang='lat' dir='ltr'><strong>civitates</strong></span> <span class='ocrx_word' id='word_1_118' title='bbox 1466 1504 1713 1548; x_wconf 79' lang='lat' dir='ltr'><strong>libertatem</strong></span> 
     </span>
     <span class='ocr_line' id='line_1_18' title="bbox 336 1583 1713 1643; baseline 0 -17"><span class='ocrx_word' id='word_1_119' title='bbox 336 1584 450 1627; x_wconf 91' lang='lat' dir='ltr'><strong>bello</strong></span> <span class='ocrx_word' id='word_1_120' title='bbox 475 1584 781 1627; x_wconf 84' lang='lat' dir='ltr'><strong>vindicandam</strong></span> <span class='ocrx_word' id='word_1_121' title='bbox 807 1583 1062 1627; x_wconf 88' lang='lat' dir='ltr'><strong>fremebant.</strong></span> <span class='ocrx_word' id='word_1_122' title='bbox 1088 1585 1317 1643; x_wconf 84' lang='lat' dir='ltr'><strong>Principes</strong></span> <span class='ocrx_word' id='word_1_123' title='bbox 1338 1594 1486 1627; x_wconf 84' lang='lat' dir='ltr'><strong>tamen</strong></span> <span class='ocrx_word' id='word_1_124' title='bbox 1515 1585 1713 1627; x_wconf 87' lang='lat' dir='ltr'><strong>omnium</strong></span> 
     </span>
     <span class='ocr_line' id='line_1_19' title="bbox 336 1662 1713 1723; baseline -0.001 -16"><span class='ocrx_word' id='word_1_125' title='bbox 336 1665 623 1707; x_wconf 82' lang='lat' dir='ltr'><strong>Athenienses</strong></span> <span class='ocrx_word' id='word_1_126' title='bbox 669 1674 711 1706; x_wconf 81' lang='lat' dir='ltr'><strong>et</strong></span> <span class='ocrx_word' id='word_1_127' title='bbox 755 1662 886 1706; x_wconf 87' lang='lat' dir='ltr'><strong>AEtoli</strong></span> <span class='ocrx_word' id='word_1_128' title='bbox 934 1663 1067 1706; x_wconf 90' lang='lat' dir='ltr'><strong>fuere.</strong></span> <span class='ocrx_word' id='word_1_129' title='bbox 1110 1663 1245 1721; x_wconf 79' lang='lat' dir='ltr'><strong>Quod</strong></span> <span class='ocrx_word' id='word_1_130' title='bbox 1290 1680 1426 1723; x_wconf 91' lang='lat' dir='ltr'><strong>quum</strong></span> <span class='ocrx_word' id='word_1_131' title='bbox 1460 1664 1713 1706; x_wconf 91' lang='lat' dir='ltr'><strong>nuntiatum</strong></span> 
     </span>
     <span class='ocr_line' id='line_1_20' title="bbox 337 1741 1712 1803; baseline 0 -17"><span class='ocrx_word' id='word_1_132' title='bbox 337 1742 585 1786; x_wconf 85' lang='lat' dir='ltr'><strong>Alexandro</strong></span> <span class='ocrx_word' id='word_1_133' title='bbox 603 1753 732 1798; x_wconf 82' lang='lat' dir='ltr'><strong>esset,</strong></span> <span class='ocrx_word' id='word_1_134' title='bbox 755 1742 872 1786; x_wconf 89' lang='lat' dir='ltr'><strong>mille</strong></span> <span class='ocrx_word' id='word_1_135' title='bbox 896 1760 1026 1786; x_wconf 82' lang='lat' dir='ltr'><strong>naves</strong></span> <span class='ocrx_word' id='word_1_136' title='bbox 1051 1741 1202 1803; x_wconf 84' lang='lat' dir='ltr'><strong>longas</strong></span> <span class='ocrx_word' id='word_1_137' title='bbox 1222 1743 1347 1786; x_wconf 91' lang='lat' dir='ltr'><strong>sociis</strong></span> <span class='ocrx_word' id='word_1_138' title='bbox 1371 1743 1578 1803; x_wconf 88' lang='lat' dir='ltr'><strong>imperari</strong></span> <span class='ocrx_word' id='word_1_139' title='bbox 1601 1759 1712 1803; x_wconf 89' lang='lat' dir='ltr'><strong>prae-</strong></span> 
     </span>
     <span class='ocr_line' id='line_1_21' title="bbox 338 1822 1715 1883; baseline 0.001 -18"><span class='ocrx_word' id='word_1_140' title='bbox 338 1832 533 1882; x_wconf 87' lang='lat' dir='ltr'><strong>ceperat,</strong></span> <span class='ocrx_word' id='word_1_141' title='bbox 562 1823 719 1881; x_wconf 89' lang='lat' dir='ltr'><strong>quibus</strong></span> <span class='ocrx_word' id='word_1_142' title='bbox 750 1823 794 1864; x_wconf 91' lang='lat' dir='ltr'><strong>in</strong></span> <span class='ocrx_word' id='word_1_143' title='bbox 830 1822 1071 1866; x_wconf 85' lang='lat' dir='ltr'><strong>Occidente</strong></span> <span class='ocrx_word' id='word_1_144' title='bbox 1105 1822 1271 1866; x_wconf 89' lang='lat' dir='ltr'><strong>bellum</strong></span> <span class='ocrx_word' id='word_1_145' title='bbox 1294 1833 1484 1883; x_wconf 78' lang='lat' dir='ltr'><strong>gereret,</strong></span> <span class='ocrx_word' id='word_1_146' title='bbox 1509 1839 1715 1866; x_wconf 89' lang='lat' dir='ltr'><strong>excursu-</strong></span> 
     </span>
     <span class='ocr_line' id='line_1_22' title="bbox 338 1900 1711 1961; baseline 0 -16"><span class='ocrx_word' id='word_1_147' title='bbox 338 1918 500 1961; x_wconf 87' lang='lat' dir='ltr'><strong>rusque</strong></span> <span class='ocrx_word' id='word_1_148' title='bbox 535 1918 635 1944; x_wconf 88' lang='lat' dir='ltr'><strong>cum</strong></span> <span class='ocrx_word' id='word_1_149' title='bbox 669 1900 811 1944; x_wconf 67' lang='lat' dir='ltr'><strong>valida</strong></span> <span class='ocrx_word' id='word_1_150' title='bbox 848 1918 981 1944; x_wconf 86' lang='lat' dir='ltr'><strong>mauu</strong></span> <span class='ocrx_word' id='word_1_151' title='bbox 1018 1902 1155 1945; x_wconf 89' lang='lat' dir='ltr'><strong>fuerat</strong></span> <span class='ocrx_word' id='word_1_152' title='bbox 1180 1902 1234 1945; x_wconf 87' lang='lat' dir='ltr'><strong>ad</strong></span> <span class='ocrx_word' id='word_1_153' title='bbox 1265 1902 1460 1946; x_wconf 85' lang='lat' dir='ltr'><strong>Athenas</strong></span> <span class='ocrx_word' id='word_1_154' title='bbox 1495 1901 1711 1945; x_wconf 88' lang='lat' dir='ltr'><strong>delendas.</strong></span> 
     </span>
     <span class='ocr_line' id='line_1_23' title="bbox 339 1980 1715 2041; baseline 0.001 -17"><span class='ocrx_word' id='word_1_155' title='bbox 339 1982 481 2041; x_wconf 81' lang='lat' dir='ltr'><strong>Igitur</strong></span> <span class='ocrx_word' id='word_1_156' title='bbox 507 1980 814 2035; x_wconf 76' lang='lat' dir='ltr'><strong>Athenienses,</strong></span> <span class='ocrx_word' id='word_1_157' title='bbox 847 1990 1074 2024; x_wconf 88' lang='lat' dir='ltr'><strong>contracto</strong></span> <span class='ocrx_word' id='word_1_158' title='bbox 1104 1998 1187 2023; x_wconf 80' lang='lat' dir='ltr'><strong>xxx</strong></span> <span class='ocrx_word' id='word_1_159' title='bbox 1214 1980 1402 2024; x_wconf 89' lang='lat' dir='ltr'><strong>millium</strong></span> <span class='ocrx_word' id='word_1_160' title='bbox 1432 1982 1643 2035; x_wconf 87' lang='lat' dir='ltr'><strong>exercitu,</strong></span> <span class='ocrx_word' id='word_1_161' title='bbox 1673 1991 1715 2025; x_wconf 87' lang='lat' dir='ltr'><strong>et</strong></span> 
     </span>
     <span class='ocr_line' id='line_1_24' title="bbox 339 2058 1717 2120; baseline 0 -16"><span class='ocrx_word' id='word_1_162' title='bbox 339 2076 390 2104; x_wconf 87' lang='lat' dir='ltr'><strong>cc</strong></span> <span class='ocrx_word' id='word_1_163' title='bbox 422 2060 625 2114; x_wconf 75' lang='lat' dir='ltr'><strong>navibus,</strong></span> <span class='ocrx_word' id='word_1_164' title='bbox 663 2058 828 2103; x_wconf 87' lang='lat' dir='ltr'><strong>bellum</strong></span> <span class='ocrx_word' id='word_1_165' title='bbox 862 2077 958 2103; x_wconf 91' lang='lat' dir='ltr'><strong>cum</strong></span> <span class='ocrx_word' id='word_1_166' title='bbox 997 2062 1249 2120; x_wconf 84' lang='lat' dir='ltr'><strong>Antipatro,</strong></span> <span class='ocrx_word' id='word_1_167' title='bbox 1287 2062 1356 2103; x_wconf 87' lang='lat' dir='ltr'><strong>cui</strong></span> <span class='ocrx_word' id='word_1_168' title='bbox 1391 2061 1562 2104; x_wconf 82' lang='lat' dir='ltr'><strong>Graecia</strong></span> <span class='ocrx_word' id='word_1_169' title='bbox 1601 2071 1717 2104; x_wconf 83' lang='lat' dir='ltr'><strong>sorte</strong></span> 
     </span>
     <span class='ocr_line' id='line_1_25' title="bbox 340 2140 1715 2201; baseline 0.002 -19"><span class='ocrx_word' id='word_1_170' title='bbox 340 2150 565 2194; x_wconf 86' lang='lat' dir='ltr'><strong>evenerat,</strong></span> <span class='ocrx_word' id='word_1_171' title='bbox 595 2150 780 2200; x_wconf 74' lang='lat' dir='ltr'><strong>gerunt,</strong></span> <span class='ocrx_word' id='word_1_172' title='bbox 820 2157 1007 2200; x_wconf 88' lang='lat' dir='ltr'><strong>eumque</strong></span> <span class='ocrx_word' id='word_1_173' title='bbox 1048 2140 1364 2184; x_wconf 88' lang='lat' dir='ltr'><strong>detrectantem</strong></span> <span class='ocrx_word' id='word_1_174' title='bbox 1407 2141 1631 2201; x_wconf 88' lang='lat' dir='ltr'><strong>proelium,</strong></span> <span class='ocrx_word' id='word_1_175' title='bbox 1674 2152 1715 2185; x_wconf 91' lang='lat' dir='ltr'><strong>et</strong></span> 
     </span>
     <span class='ocr_line' id='line_1_26' title="bbox 340 2219 1713 2283; baseline 0.001 -19"><span class='ocrx_word' id='word_1_176' title='bbox 340 2219 558 2264; x_wconf 86' lang='lat' dir='ltr'><strong>Heracleae</strong></span> <span class='ocrx_word' id='word_1_177' title='bbox 583 2221 704 2263; x_wconf 81' lang='lat' dir='ltr'><strong>urbis</strong></span> <span class='ocrx_word' id='word_1_178' title='bbox 725 2221 940 2264; x_wconf 87' lang='lat' dir='ltr'><strong>moenibus</strong></span> <span class='ocrx_word' id='word_1_179' title='bbox 961 2231 1155 2265; x_wconf 81' lang='lat' dir='ltr'><strong>tuentem</strong></span> <span class='ocrx_word' id='word_1_180' title='bbox 1181 2238 1246 2276; x_wconf 90' lang='lat' dir='ltr'><strong>se,</strong></span> <span class='ocrx_word' id='word_1_181' title='bbox 1266 2222 1493 2266; x_wconf 89' lang='lat' dir='ltr'><strong>obsidione</strong></span> <span class='ocrx_word' id='word_1_182' title='bbox 1517 2224 1713 2283; x_wconf 84' lang='lat' dir='ltr'><strong>cingunt.</strong></span> 
     </span>
     <span class='ocr_line' id='line_1_27' title="bbox 341 2301 1717 2363; baseline 0 -17"><span class='ocrx_word' id='word_1_183' title='bbox 341 2301 506 2346; x_wconf 89' lang='lat' dir='ltr'><strong>Eodem</strong></span> <span class='ocrx_word' id='word_1_184' title='bbox 534 2311 731 2360; x_wconf 90' lang='lat' dir='ltr'><strong>tempore</strong></span> <span class='ocrx_word' id='word_1_185' title='bbox 753 2301 1094 2356; x_wconf 88' lang='lat' dir='ltr'><strong>Demosthenes,</strong></span> <span class='ocrx_word' id='word_1_186' title='bbox 1123 2303 1400 2345; x_wconf 77' lang='lat' dir='ltr'><strong>Atheniensis</strong></span> <span class='ocrx_word' id='word_1_187' title='bbox 1430 2312 1596 2358; x_wconf 86' lang='lat' dir='ltr'><strong>orator,</strong></span> <span class='ocrx_word' id='word_1_188' title='bbox 1621 2302 1717 2363; x_wconf 86' lang='lat' dir='ltr'><strong>pul-</strong></span> 
     </span>
     <span class='ocr_line' id='line_1_28' title="bbox 341 2382 1716 2442; baseline 0.001 -18"><span class='ocrx_word' id='word_1_189' title='bbox 341 2398 411 2425; x_wconf 85' lang='lat' dir='ltr'><strong>sus</strong></span> <span class='ocrx_word' id='word_1_190' title='bbox 434 2382 576 2441; x_wconf 87' lang='lat' dir='ltr'><strong>patria</strong></span> <span class='ocrx_word' id='word_1_191' title='bbox 591 2417 601 2435; x_wconf 86' lang='lat'><strong>‚</strong></span> <span class='ocrx_word' id='word_1_192' title='bbox 626 2382 681 2424; x_wconf 91' lang='lat' dir='ltr'><strong>ob</strong></span> <span class='ocrx_word' id='word_1_193' title='bbox 713 2383 879 2424; x_wconf 73' lang='lat' dir='ltr'><strong>crimen</strong></span> <span class='ocrx_word' id='word_1_194' title='bbox 902 2382 1068 2441; x_wconf 84' lang='lat' dir='ltr'><strong>accepti</strong></span> <span class='ocrx_word' id='word_1_195' title='bbox 1093 2382 1146 2423; x_wconf 87' lang='lat' dir='ltr'><strong>ab</strong></span> <span class='ocrx_word' id='word_1_196' title='bbox 1171 2382 1363 2442; x_wconf 89' lang='lat' dir='ltr'><strong>Harpalo</strong></span> <span class='ocrx_word' id='word_1_197' title='bbox 1383 2384 1498 2438; x_wconf 88' lang='lat' dir='ltr'><strong>auri,</strong></span> <span class='ocrx_word' id='word_1_198' title='bbox 1521 2384 1596 2442; x_wconf 89' lang='lat' dir='ltr'><strong>qui</strong></span> <span class='ocrx_word' id='word_1_199' title='bbox 1620 2400 1716 2426; x_wconf 88' lang='lat' dir='ltr'><strong>cru-</strong></span> 
     </span>
     <span class='ocr_line' id='line_1_29' title="bbox 341 2461 1713 2522; baseline 0 -17"><span class='ocrx_word' id='word_1_200' title='bbox 341 2461 564 2506; x_wconf 86' lang='lat' dir='ltr'><strong>delitatem</strong></span> <span class='ocrx_word' id='word_1_201' title='bbox 593 2461 831 2506; x_wconf 83' lang='lat' dir='ltr'><strong>Alexandri</strong></span> <span class='ocrx_word' id='word_1_202' title='bbox 855 2461 1046 2522; x_wconf 84' lang='lat' dir='ltr'><strong>fugerat,</strong></span> <span class='ocrx_word' id='word_1_203' title='bbox 1071 2461 1188 2521; x_wconf 85' lang='lat' dir='ltr'><strong>quod</strong></span> <span class='ocrx_word' id='word_1_204' title='bbox 1206 2462 1427 2505; x_wconf 87' lang='lat' dir='ltr'><strong>civitatem</strong></span> <span class='ocrx_word' id='word_1_205' title='bbox 1451 2464 1495 2506; x_wconf 92' lang='lat' dir='ltr'><strong>in</strong></span> <span class='ocrx_word' id='word_1_206' title='bbox 1521 2462 1713 2522; x_wconf 87' lang='lat' dir='ltr'><strong>ejusdem</strong></span> 
     </span>
     <span class='ocr_line' id='line_1_30' title="bbox 340 2540 1714 2602; baseline 0 -17"><span class='ocrx_word' id='word_1_207' title='bbox 340 2541 575 2586; x_wconf 85' lang='lat' dir='ltr'><strong>Alexandri</strong></span> <span class='ocrx_word' id='word_1_208' title='bbox 611 2542 774 2585; x_wconf 88' lang='lat' dir='ltr'><strong>bellum</strong></span> <span class='ocrx_word' id='word_1_209' title='bbox 801 2540 1069 2601; x_wconf 74' lang='lat' dir='ltr'><strong>impelleret,</strong></span> <span class='ocrx_word' id='word_1_210' title='bbox 1098 2541 1210 2584; x_wconf 83' lang='lat' dir='ltr'><strong>forte</strong></span> <span class='ocrx_word' id='word_1_211' title='bbox 1237 2543 1430 2602; x_wconf 75' lang='lat' dir='ltr'><strong>Megaris</strong></span> <span class='ocrx_word' id='word_1_212' title='bbox 1458 2541 1681 2585; x_wconf 86' lang='lat' dir='ltr'><strong>exsulabat</strong></span> <span class='ocrx_word' id='word_1_213' title='bbox 1706 2560 1714 2585; x_wconf 89' lang='lat'>:</span> 
     </span>
    </p>
   </div>
   <div class='ocr_carea' id='block_1_3' title="bbox 341 2620 1715 2681">
    <p class='ocr_par' dir='ltr' id='par_1_4' title="bbox 341 2620 1715 2681">
     <span class='ocr_line' id='line_1_31' title="bbox 341 2620 1715 2681; baseline 0.001 -18"><span class='ocrx_word' id='word_1_214' title='bbox 341 2623 414 2681; x_wconf 81' lang='lat' dir='ltr'><strong>qui</strong></span> <span class='ocrx_word' id='word_1_215' title='bbox 431 2631 475 2665; x_wconf 86' lang='lat' dir='ltr'><strong>ut</strong></span> <span class='ocrx_word' id='word_1_216' title='bbox 501 2623 680 2665; x_wconf 88' lang='lat' dir='ltr'><strong>missum</strong></span> <span class='ocrx_word' id='word_1_217' title='bbox 704 2621 756 2663; x_wconf 92' lang='lat' dir='ltr'><strong>ab</strong></span> <span class='ocrx_word' id='word_1_218' title='bbox 784 2621 1123 2664; x_wconf 69' lang='lat' dir='ltr'><strong>Atheniensibus</strong></span> <span class='ocrx_word' id='word_1_219' title='bbox 1140 2620 1403 2680; x_wconf 71' lang='lat' dir='ltr'><strong>Hyperidem</strong></span> <span class='ocrx_word' id='word_1_220' title='bbox 1432 2620 1623 2680; x_wconf 83' lang='lat' dir='ltr'><strong>legatum</strong></span> <span class='ocrx_word' id='word_1_221' title='bbox 1644 2637 1715 2664; x_wconf 90' lang='lat' dir='ltr'><strong>co-</strong></span> 
     </span>
    </p>
   </div>
  </div>
 </body>
</html>
