1783 3282
292 236 338 271 58
876 239 1062 274 JUSTINI

288 325 400 367 inter
426 325 662 382 Spartanos
685 324 907 383 sociosque
927 323 1226 367 deliberatum.
1252 325 1402 380 Quum
1431 322 1556 366 multi
1584 324 1652 367 de—

288 402 465 445 lendum
487 403 819 446 Atheniensium
843 419 1026 458 nomen,
1058 403 1295 462 urbemque
1324 402 1524 446 incendio
1551 419 1652 446 con-

289 481 541 524 sumendam
573 492 819 533 censerent,
848 491 1064 541 negarunt
1090 497 1132 523 se
1159 483 1363 541 Spartani
1379 515 1390 537 ,
1415 500 1435 521 «
1457 484 1522 525 Ex
1545 482 1653 525 duo-

286 560 367 603 bus
390 562 567 604 Graeciae
593 560 728 604 oculis
757 560 941 604 alterum
964 569 1191 614 eruturos3
1218 580 1237 601 η
1262 577 1412 620 pacem
1442 560 1652 620 polliciti,

289 658 309 678 «
323 639 368 682 Si
382 638 565 682 demissa
583 639 794 682 Piraeeum
808 655 956 682 versus
971 639 1086 681 muri
1104 639 1280 682 brachia
1297 639 1554 698 dejicerent,
1578 656 1652 682 na-

291 733 465 777 vesque,
492 734 586 777 quae
620 717 794 777 reliquae
825 717 988 772 forent,
1023 717 1270 771 traderent;
1297 733 1450 776 resque
1481 717 1654 777 publica

290 814 340 841 ex
362 807 495 841 semet
518 798 620 857 ipsis
640 813 724 840 xxx
748 807 937 841 rectores
960 798 1186 857 acciperet.
1209 815 1229 837 »
1251 799 1304 840 In
1326 797 1402 839 has
1426 795 1540 856 leges
1567 806 1655 839 tra-

290 876 425 919 ditam
459 877 538 919 sibi
577 876 730 920 urbem
770 876 1086 919 Lacedaemonii
1124 874 1397 918 formandam
1429 874 1655 934 Lysandro

291 954 575 998 tradiderunt.
601 955 788 1014 Insignis
809 955 879 996 hic
899 969 1037 996 annus
1060 963 1101 996 et
1120 953 1444 1015 expugnatione
1462 953 1655 997 Athena-

291 1052 409 1090 rum,
434 1044 477 1078 et
500 1042 639 1077 morte
658 1033 780 1077 Darii
807 1033 919 1092 regis
940 1035 1194 1086 Persarum,
1219 1042 1262 1075 et
1288 1030 1437 1075 exsilio
1458 1032 1655 1092 Dionysii

291 1112 446 1156 Siciliae
469 1112 641 1172 tyranni
664 1111 757 1154 fuit.
782 1112 955 1154 Mutato
980 1120 1094 1154 statu
1120 1110 1394 1154 Athenarum
1410 1144 1421 1165 ,
1445 1111 1575 1153 etiam
1600 1112 1658 1154 ci-

291 1192 410 1234 vium
423 1190 614 1234 conditio
634 1199 841 1233 mutatur.
857 1190 1055 1250 Triginta
1077 1198 1263 1233 rectores
1287 1189 1537 1249 reipublicae
1555 1206 1659 1233 con-

291 1270 549 1324 stituuntur,
576 1270 650 1329 qui
686 1268 797 1312 fiunt
832 1270 1005 1328 tyranni
1036 1270 1230 1329 :quippe
1264 1285 1286 1311 a
1326 1270 1543 1329 principio
1577 1270 1658 1311 tria

291 1348 426 1391 millia
449 1350 529 1392 sibi
553 1347 787 1392 satellitum
808 1357 1024 1403 statuunt,
1052 1358 1265 1407 quantum
1295 1364 1345 1390 ex
1376 1358 1439 1391 tot
1465 1347 1659 1390 cladibus

292 1444 429 1488 prope
466 1444 544 1470 nec
577 1428 737 1471 civium
772 1426 1072 1487 superfuerat;
1102 1436 1143 1469 et
1171 1428 1292 1486 quasi
1323 1442 1483 1485 parvus
1509 1427 1579 1469 hic
1607 1426 1657 1468 ad

293 1506 600 1550 continendam
625 1507 846 1550 civitatem
871 1507 1083 1549 exercitus
1105 1514 1231 1560 esset,
1260 1506 1556 1565 septingentos
1580 1506 1660 1547 mi-

294 1585 388 1629 lites
412 1602 436 1629 a
458 1586 696 1629 victoribus
720 1586 954 1645 accipiunt.
980 1584 1128 1627 Caedes
1150 1584 1307 1627 deinde
1329 1585 1488 1627 civium
1513 1585 1565 1626 ab
1592 1583 1662 1627 Al-

294 1665 460 1708 cibiade
500 1666 795 1725 auspicantur,
829 1680 883 1706 ne
921 1665 1080 1706 iterum
1117 1661 1432 1723 rempublicam
1469 1663 1546 1705 sub
1588 1663 1662 1705 ob-

296 1752 419 1787 tentu
447 1743 714 1787 liberationis
738 1744 971 1786 invaderet.
997 1743 1141 1798 Quem
1172 1758 1306 1801 quum
1337 1742 1579 1802 profectum
1609 1741 1659 1784 ad

296 1826 601 1876 Artaxerxem,
626 1824 857 1865 Persarum
882 1838 1054 1881 regem,
1080 1822 1413 1880 comperissent,
1436 1822 1568 1864 citato
1594 1821 1660 1863 iti-

298 1917 399 1944 nere
431 1902 661 1955 miserunt,
687 1902 761 1960 qui
789 1917 887 1943 eum
920 1900 1231 1959 interciperent
1259 1918 1267 1942 ι
1296 1916 1319 1942 a
1349 1900 1506 1959 quibus
1537 1916 1663 1943 occu-

298 1990 443 2041 patus,
462 1996 597 2040 quum
620 1978 758 2023 occidi
781 1988 928 2040 aperte
952 1995 1040 2022 non
1061 1988 1221 2038 posset,
1242 1980 1365 2022 vivus
1383 1980 1427 2022 in
1449 1978 1663 2031 cubiculo,

300 2061 343 2102 in
366 2075 452 2119 quo
475 2059 736 2114 dormiebat,
761 2068 973 2102 crematus
997 2069 1070 2102 est.

359 2141 437 2183 IX.
466 2139 660 2182 Liberati
682 2139 765 2181 hoc
788 2137 943 2180 ultoris
970 2147 1088 2180 metu
1123 2138 1319 2197 tyranni,
1345 2138 1519 2180 miseras
1548 2138 1665 2180 urbis

300 2216 503 2277 reliq-uias
525 2216 710 2261 caedibus
730 2226 769 2259 et
791 2217 954 2276 rapinis
974 2217 1249 2259 exhauriunt.
1271 2216 1404 2272 Quod
1423 2232 1557 2275 quum
1581 2216 1664 2259 dis-

301 2296 459 2357 plicere
479 2297 555 2339 uni
578 2312 629 2339 ex
651 2312 833 2339 numero
854 2312 931 2339 suo
950 2296 1211 2339 Therameni
1234 2295 1502 2348 didicissent,
1524 2298 1662 2356 ipsum

301 2391 474 2435 quoque
506 2375 560 2418 ad
586 2385 796 2418 terrorem
829 2376 1025 2418 omnium
1056 2375 1336 2418 interficiunt.
1368 2377 1436 2419 Fit
1459 2377 1592 2436 igitur
1615 2393 1662 2419 ex

303 2455 409 2498 urbe
445 2457 602 2514 passim
640 2455 837 2497 omnium
871 2454 989 2515 fuga,
1023 2453 1301 2513 repleturque
1335 2456 1503 2498 Graecia
1537 2455 1666 2498 Athe-

304 2534 518 2577 niensium
550 2532 779 2576 exsulibus.
807 2532 939 2588 Quod
966 2534 1094 2575 etiam
1124 2534 1264 2592 ipsum
1298 2533 1505 2576 auxilium
1531 2549 1663 2592 quum

305 2613 469 2656 miseris
492 2612 731 2671 eriperetur
749 2613 765 2672 (ᾖ
780 2627 879 2654 nam
902 2612 1331 2656 Lacedaemoniorum
1353 2613 1492 2655 edicto
1517 2613 1665 2655 civita-
