1783 3282
459 428 586 494 DE
632 424 1060 494 JUSTINO

276 636 350 670 EX
378 635 410 668 J.
437 636 480 668 G.
507 633 714 668 Vosslo
740 631 808 665 ET
834 630 865 664 J.
895 629 936 663 A.
967 627 1250 664 FABRICIO.

79 1040 321 1124 JUSTINUS
335 1108 346 1130 ‚
368 1072 442 1133 qui
461 1071 595 1131 Trogi
619 1071 840 1131 epitomen
861 1069 982 1123 fecit,
1003 1069 1047 1111 in
1071 1068 1252 1113 Antonii
1275 1066 1459 1112 Arnoldi

78 1164 189 1208 libro
228 1162 539 1207 nominabatur
577 1161 790 1203 JUSTINUS
822 1160 1104 1201 Fssomnws.
1141 1159 1200 1199 At
1233 1158 1277 1198 in
1314 1155 1461 1199 codice

78 1252 350 1296 bibliothecae
363 1249 571 1294 Mediceae
586 1247 749 1290 dicitur
758 1247 821 1289 M.
834 1247 1063 1289 JUN1AN1JS
1076 1246 1099 1287 J
1101 1259 1303 1288 USTiNus.
1319 1245 1461 1303 Atque

81 1342 160 1385 hoc
182 1340 327 1383 verius
347 1354 500 1382 censeo
522 1337 578 1380 ob
596 1335 697 1379 libri
719 1334 811 1394 ejus
829 1333 1134 1393 antiquitatem
1154 1348 1163 1374 z
1186 1332 1311 1392 cujus
1329 1348 1460 1392 argu-

80 1438 274 1474 mentum
301 1444 390 1470 non
415 1426 506 1469 leve
531 1434 595 1468 est
610 1459 621 1479 ,
643 1423 761 1484 quod
786 1422 940 1466 litteris
958 1420 1302 1481 Langobardicis
1328 1421 1462 1480 scrip-

80 1528 147 1561 tus
168 1518 232 1560 sit.
255 1517 368 1574 Quis
388 1515 517 1558 fuerit
533 1523 575 1557 et
594 1512 772 1573 quando
791 1511 945 1554 vixerit
959 1526 1048 1553 non
1067 1510 1169 1553 satis
1189 1519 1461 1569 compertum

40 1643 46 1651 .
81 1617 169 1663 est,
195 1606 274 1650 etsi
297 1608 469 1657 Romae,
499 1613 598 1646 ante
623 1604 905 1662 imperatores
931 1600 1218 1655 christianos,
1241 1599 1463 1659 scripsisse

83 1712 168 1737 non
206 1694 402 1737 dubitem
419 1727 430 1749 ‚
466 1694 607 1752 ipsum
641 1708 666 1734 a
697 1691 860 1735 Christi
897 1690 1029 1733 sacris
1066 1688 1272 1731 alienum.
1310 1690 1464 1748 Itaque

85 1800 170 1826 non
206 1782 419 1826 assentior
454 1782 504 1823 iis
522 1815 532 1835 ,
570 1781 644 1839 qui
666 1779 720 1822 ad
748 1777 982 1822 Theodosii
1012 1787 1210 1837 tempora
1235 1776 1463 1835 rejiciunt,

83 1872 229 1915 nescio
250 1870 409 1930 quibus
436 1868 705 1929 argumentis
733 1868 852 1910 moti.

145 1961 207 2003 Ut
225 1974 331 2002 vero
352 1959 435 2002 hoc
458 1957 555 2000 loeo
575 1974 600 2000 a
616 1973 685 2000 me
705 1965 1076 2000 commemoretur
1091 1989 1102 2011 ,
1123 1955 1246 2011 facit,
1273 1954 1393 2015 quod
1421 1956 1465 1999 in

82 2047 349 2091 editionibus
373 2045 636 2106 quibusdam
667 2045 988 2105 antiquioribus
1014 2043 1149 2087 libros
1182 2060 1282 2087 suos
1307 2043 1467 2087 dicitur

85 2136 350 2196 inscripsisse
370 2136 472 2178 ΙΜΡ.
494 2137 744 2178 ΑΝΤΟΝΙΝΟ
767 2135 852 2177 Pio
875 2149 884 2175 :
907 2149 1161 2192 quanquam
1184 2126 1467 2189 προσφώνησιν

84 2225 193 2267 hanc
214 2224 258 2267 in
276 2222 396 2266 nullo
413 2222 561 2266 codice
577 2224 738 2283 scripto
753 2222 964 2282 reperisse
978 2238 1022 2265 se
1040 2231 1227 2265 testatur
1246 2224 1337 2267 JaC.
1355 2224 1469 2266 Bon-

86 2312 271 2372 garsius‚
302 2313 377 2372 qui
416 2321 542 2372 putat
572 2311 773 2355 additum
802 2327 961 2354 nomen
988 2310 1202 2355 Antonini
1238 2311 1292 2354 ab
1318 2312 1369 2354 iis
1393 2312 1468 2371 qui

85 2402 303 2443 Justinum
336 2399 444 2444 falso
484 2399 685 2444 eumdem
709 2409 918 2461 putarent
947 2416 1048 2443 cum
1076 2399 1237 2443 celebri
1265 2400 1358 2459 ejus
1392 2416 1470 2443 no-

86 2488 213 2531 minis
239 2486 501 2548 philosopho
515 2480 530 2545 ‚y
560 2489 800 2533 christiano
827 2498 869 2532 et
896 2498 1106 2548 martyre,
1132 2489 1176 2531 in
1210 2476 1298 2547 quo
1324 2504 1471 2531 errore

88 2577 240 2620 versati
270 2585 371 2619 sunt
394 2576 612 2632 Isidorus,
637 2577 907 2635 JornandeS‚
927 2580 992 2621 Jo.
1020 2578 1288 2623 sarisberius
1321 2587 1363 2619 et
1398 2575 1470 2619 alii

277 2669 305 2695 i.
1284 2669 1295 2695 1
