1783 3282
313 262 382 297 204
770 258 915 291 NOTAE
947 258 999 291 IN
1029 256 1217 291 JUSTINI

319 338 453 383 Festus,
479 339 613 382 Solia„
635 352 663 374 c.
681 339 714 374 S.
736 340 822 374 Haec
842 341 892 375 ait
910 340 1084 381 Ovidius,
1101 339 1277 381 Metam„
1294 338 1358 372 lib.
1381 350 1441 381 xv,
1455 337 1501 371 de
1526 337 1659 371 Zancle
1679 349 1688 370 ε

580 447 725 455 .....
751 424 863 454 Zancle
877 433 1001 463 quoque
1014 422 1125 463 juncta
1141 420 1233 451 fuisse

566 478 687 509 Dicitur
701 478 799 509 Italiae
810 490 818 513 ς
831 477 930 508 donec
944 476 1080 507 confinia
1097 482 1211 517 pontus

567 533 724 571 Abstulit,
744 539 773 564 et
790 532 891 563 media
907 532 1052 562 tellurem
1065 530 1205 572 reppulit
1225 530 1320 561 unda.

367 618 556 666 Rhegium.
594 619 747 660 Strabo,
784 618 806 651 1.
836 630 895 660 v1,
933 629 976 652 ex
996 617 1172 664 lEschylo
1199 614 1396 650 confirmat
1425 616 1497 650 hoc
1524 623 1696 663 etymon,

315 679 455 714 dictum
476 678 615 713 scilicet
633 678 832 726 Rhegium,
859 690 975 725 graece
999 675 1129 727 ῥῆγιρν,
1153 689 1173 712 a
1197 683 1296 727 ῥηγή,
1328 676 1502 719 scissura,
1524 683 1695 722 ruptura,

316 746 451 790 ῥηγνύω,
473 751 622 785 rumpo,
647 739 852 786 abrumpo,
877 739 980 786 quod
1006 739 1067 773 hic
1096 737 1274 772 violentia
1298 744 1404 772 terrae
1437 743 1605 771 motuum
1636 737 1696 772 Si—

317 800 437 834 ciliam
459 800 505 834 ab
530 800 637 835 Italia
661 799 871 843 divulserit3
892 807 927 834 et
949 799 1134 834 Hesiodus
1153 811 1220 833 ccc
1247 798 1352 833 annis
1378 805 1462 831 ante
1483 797 1697 843 AEschylum

318 860 401 905 fuit,
427 862 490 908 qui
511 862 695 908 Rhegium
720 874 741 896 a
766 860 980 907 diruptione
1001 860 1128 894 isthmi
1152 860 1290 894 dictum
1315 859 1443 893 voluit.

371 924 453 957 CAP.
468 924 514 957 II.
542 924 752 956 Trinacriae.
776 922 1002 956 Trinacridis
1021 921 1121 967 apud
1139 921 1319 955 Ovidium
1332 947 1341 962 ,
1361 920 1401 954 id
1420 927 1473 954 est
1493 933 1572 966 quae
1586 919 1699 954 hahet

319 990 391 1032 τρία
404 981 529 1031 (latine
535 982 644 1031 trina)
653 990 709 1033 ⁶5³⁶?
715 1002 746 1028 a,
757 982 894 1017 scilicet
905 982 972 1016 tria
980 981 1252 1028 promontoria.
1263 981 1361 1014 Hinc
1373 981 1537 1016 Siciliam
1554 981 1697 1014 Tricer-

322 1045 429 1078 vicem
448 1044 675 1091 Lycophron
695 1044 864 1078 nominat
876 1070 885 1086 ‚
909 1049 943 1077 et
967 1043 1222 1089 Tricuspidem
1234 1042 1418 1076 Pindarus
1432 1069 1441 1085 ,
1460 1042 1594 1087 aliique
1617 1041 1701 1074 Tri-

322 1112 483 1152 quetram
507 1117 576 1151 pro
612 1106 879 1152 Triquadram,
904 1111 942 1138 ut
967 1103 1140 1149 conjicio.
1168 1103 1242 1138 Sed
1267 1104 1345 1138 haec
1365 1103 1488 1150 potius
1516 1102 1702 1149 epitheta,

324 1178 433 1212 quam
451 1179 654 1213 synonyma
682 1173 780 1201 sunt.

821 1298 876 1331 IN
906 1296 1126 1332 LIBRUM
1160 1297 1202 1329 V.

380 1420 462 1453 CAP.
488 1421 513 1454 Ι.
542 1421 726 1466 lesterc'a
748 1420 885 1455 Cereris
912 1420 1104 1453 Initiorum
1130 1432 1251 1453 sacra.
1290 1418 1502 1464 Conjiciunt
1530 1419 1703 1454 Bernecc.

330 1487 365 1513 et
377 1480 496 1514 Faber
509 1482 687 1526 mysteria
713 1481 870 1523 CerercIv,
893 1487 990 1514 certe
1005 1480 1154 1526 quidem
1177 1480 1369 1526 mysteria,
1391 1480 1601 1526 obrepsisse
1622 1487 1705 1515 tex-

330 1539 382 1574 tui
408 1538 465 1587 (ut
489 1541 527 1574 in
550 1548 698 1576 auctore
717 1540 860 1589 plura),
886 1553 998 1587 quum
1017 1547 1111 1574 esset
1124 1540 1352 1587 adscriptum
1373 1540 1583 1586 explicandi
1602 1553 1706 1575 causa

332 1601 421 1647 quid
445 1601 517 1635 sint
540 1603 726 1636 Itzitz'orum
751 1614 883 1644 sacra,-
906 1609 942 1635 et
967 1609 1143 1648 tanquam
1163 1602 1345 1648 glossema
1371 1601 1496 1636 delere
1515 1602 1705 1636 volebant.

332 1662 424 1696 Satis
439 1663 537 1697 enim
558 1670 635 1697 erat
659 1663 796 1697 dixisse
819 1663 1012 1697 Im'tiorum
1031 1675 1159 1704 sacra,
1186 1675 1264 1708 quae
1284 1669 1368 1696 sunt
1388 1662 1575 1696 Eleusinia
1595 1675 1706 1697 sacra.

385 1723 530 1758 Silentia
556 1725 747 1758 solemnia.
778 1724 823 1758 Id
859 1731 928 1766 est,
962 1724 1062 1758 nulla
1092 1736 1132 1757 re
1162 1723 1280 1770 magis
1308 1724 1566 1758 commendata
1599 1736 1708 1771 quam

333 1784 491 1819 silentio.
512 1785 602 1820 Ideo
627 1785 799 1828 Ovidius,
823 1786 859 1819 in
879 1786 968 1819 Arte
994 1797 1088 1827 am„
1118 1784 1181 1818 lib.
1203 1797 1253 1828 11,
1278 1785 1346 1819 sub
1374 1784 1462 1829 fin.,
1488 1785 1558 1820 601
1584 1799 1592 1818 .-

612 1867 688 1907 Quis
701 1868 821 1899 Cereris
836 1868 912 1898 ritus
928 1867 1020 1898 audet
1040 1868 1163 1908 vulgare
1177 1867 1313 1909 profanis
1324 1870 1338 1897 Ρ

338 1955 528 1998 Horatius,
559 1954 768 1988 Carmiuum
794 1954 859 1988 lib.
885 1966 953 1996 111,
977 1953 1037 1987 od.
1064 1965 1084 1986 2
1106 1966 1113 1985 :

777 2061 782 2066 .
811 2061 817 2066 .
843 2035 964 2066 Vetabo
979 2035 1032 2076 qui
1048 2034 1168 2065 Cereris
1180 2044 1300 2064 sacrum

595 2092 735 2133 vulgarit
747 2102 866 2123 arcanae
877 2115 885 2129 ,
899 2097 956 2122 etc.

342 2180 387 2212 Et
414 2178 596 2214 Ausonius
618 2178 774 2212 Paulino
797 2190 803 2210 :

595 2261 654 2292 Sed
669 2267 719 2299 lu,
731 2260 842 2303 juratis
857 2263 941 2293 velut
956 2260 1016 2293 alla
1032 2260 1153 2292 silentia
1167 2261 1259 2290 sacris

596 2320 730 2348 Devotus
742 2323 844 2347 teneas
856 2340 863 2353 ,
878 2323 993 2357 perstas
1005 2316 1037 2347 in
1052 2317 1116 2357 lege
1134 2314 1267 2347 tacendi,

342 2403 503 2438 Proinde
525 2406 710 2450 Augustus
729 2403 885 2437 Athenis
910 2402 1092 2445 initiatus,
1118 2415 1229 2449 quum
1248 2409 1376 2448 postca
1401 2403 1528 2436 Romae
1550 2415 1619 2449 pro
1645 2403 1713 2435 tri—

343 2465 471 2498 bunali
503 2465 549 2498 de
575 2464 772 2510 privilegio
803 2464 1036 2498 sacerdotum
1070 2464 1195 2498 Atticae
1224 2463 1367 2497 Cereris
1392 2471 1647 2510 cognosceret,
1674 2475 1715 2496 ac

344 2525 540 2560 secretiora
567 2525 733 2571 quaedam
753 2532 1070 2571 proponerentur,
1090 2524 1243 2558 dimisso
1270 2524 1447 2567 concilio,
1473 2525 1571 2558 solus
1599 2524 1715 2557 audiit

345 2587 607 2631 disceptantes,
625 2598 671 2619 ne
691 2586 861 2620 videlicet
880 2585 1046 2631 profanis
1073 2585 1176 2619 initia
1203 2586 1450 2631 vulgarentur.
1481 2586 1697 2619 SUETONms
1710 2613 1718 2629 ,

348 2649 495 2692 August.
508 2672 517 2686 ‚
538 2646 598 2693 93.
