1783 3282
557 330 628 364 DE
656 329 920 364 JUSTINO.
1392 330 1429 374 iij

56 414 161 472 tyris
193 412 306 456 illius
339 414 497 472 scripta
530 421 763 472 reponunt.
797 412 887 455 Nec
919 420 1060 453 tamen
1097 426 1145 451 ea
1178 411 1326 469 ignota
1351 412 1432 455 fuit

51 502 99 543 B.
117 501 383 559 Hieronymo
397 534 407 554 ‚
426 500 501 559 qui
527 498 642 542 illius
663 499 859 542 meminit
879 498 1091 557 prooemio
1114 498 1156 540 in
1176 499 1401 544 Danielem
1420 518 1428 543 :

53 588 114 630 uti
152 603 327 646 quoque
358 588 630 648 Augustinus
662 588 765 630 facit
794 585 905 630 libro
936 602 1000 640 IV,
1029 587 1099 629 De
1130 582 1298 629 civitate
1328 585 1431 639 Dei,

51 692 144 735 cap.
171 673 224 727 6;
253 685 296 718 et
323 677 526 730 Orosius,
553 675 625 718 lib.
649 692 686 728 1,
710 691 804 734 cap.
834 674 860 719 8
879 684 922 718 et
952 690 1030 729 10,
1051 674 1127 733 qui
1153 683 1194 717 et
1216 675 1433 718 Justinum

53 765 212 824 passim
241 765 455 807 exscribit.
493 767 595 807 Post
628 780 737 823 quos
766 764 961 823 ejusdem
996 765 1261 807 mentionem
1297 763 1437 807 fecere

49 851 266 907 Isidorus,
295 851 540 894 Jornandes
575 861 618 894 et
648 851 732 895 alii.
771 853 915 895 Etiam
951 868 1046 910 quae
1077 853 1252 911 Lupus,
1285 854 1437 895 Ferra-

50 941 204 984 riensis
228 941 384 994 abbas,
407 941 530 1001 epist.
554 957 630 994 xx,
655 940 707 983 ad
734 938 965 984 Altuinum
990 956 1042 983 ex
1062 942 1209 1000 Trogo
1228 940 1437 1000 Pompeio

50 1029 153 1072 citat
168 1028 289 1072 de'iis
306 1030 381 1089 qui
398 1028 669 1072 Mithridatis
685 1027 982 1072 excellentiam
997 1027 1304 1089 portenderint
1322 1028 1436 1088 apud

48 1117 291 1172 justinum,
327 1117 382 1160 ad
414 1118 594 1162 verbum
626 1134 676 1161 ex
710 1118 870 1161 Justini
900 1116 1012 1160 libro
1041 1132 1186 1160 xxxvl.
1213 1117 1297 1160 Sed
1321 1116 1438 1177 apud

50 1207 226 1265 Lupum
248 1222 368 1249 nunc
395 1205 528 1266 paulo
550 1206 768 1266 comptius
795 1203 1024 1265 leguntur,
1053 1213 1094 1248 et
1122 1214 1171 1247 ut
1197 1203 1316 1264 apud
1341 1206 1439 1248 Jus-

50 1295 192 1337 tinum
219 1293 406 1337 debeant
433 1294 669 1337 emendari.

115 1385 299 1428 Exstant
324 1385 627 1429 Historiarum
658 1383 1033 1445 Philippicarum,
1060 1393 1100 1427 et
1127 1384 1261 1429 totius
1284 1383 1444 1428 mundi

57 1472 288 1532 Originum
306 1482 350 1516 et
364 1482 495 1517 lerrae
511 1471 624 1517 situs
632 1508 646 1527 ‚
666 1489 722 1517 ex
743 1475 888 1533 Trogo
902 1475 1115 1534 Pompeio
1132 1482 1439 1533 exemptarum

51 1564 153 1609 libri
183 1578 305 1617 κων,
345 1579 368 1605 a
398 1563 516 1607 Nino
550 1578 689 1622 usque
721 1561 775 1605 ad
805 1563 1021 1605 Caesarem
1053 1562 1326 1620 Augustum,
1361 1561 1441 1606 sub

51 1670 140 1713 quo
174 1657 347 1714 Trogus
382 1653 643 1712 Pompeius,
676 1651 819 1710 patria
854 1648 1034 1704 Gallus,
1066 1647 1356 1709 philosophus
1389 1666 1438 1692 ac

52 1742 285 1785 historicus
316 1741 645 1794 disertissimus,
662 1739 831 1794 floruit,
852 1739 1073 1796 totiusque
1088 1737 1225 1792 orbis3
1243 1736 1316 1780 sed
1333 1754 1441 1797 grae-

51 1847 122 1874 cas
158 1831 434 1890 potissimum
470 1829 672 1872 historias
710 1826 847 1870 latino
881 1842 1080 1870 sermone
1118 1841 1223 1869 xmv
1252 1825 1440 1870 volumi-

51 1919 179 1962 nibus
202 1919 468 1979 composuit3
489 1927 531 1960 et
551 1934 575 1960 a
594 1917 816 1977 praecipuo
834 1924 1117 1976 argumente,
1135 1915 1259 1975 regni
1284 1931 1441 1975 nempe

51 2006 327 2050 Macedoniei
348 2006 552 2058 historia,
579 2021 710 2065 quam
734 2020 757 2047 a
779 2003 891 2047 libro
912 2004 1098 2064 septimo
1121 2002 1175 2046 ad
1199 2002 1441 2064 quadrage-

53 2096 209 2139 simum
229 2096 421 2154 primum
440 2094 715 2153 exsequitur,
733 2093 957 2137 Historias
977 2092 1253 2153 Philippicas
1262 2125 1276 2144 ,
1298 2090 1439 2134 Theo-

54 2184 202 2243 pompi
228 2183 427 2244 exemplo
452 2183 685 2242 inscripsit.

117 2274 284 2315 Harum
317 2288 382 2327 se,
416 2272 475 2315 ait
514 2272 739 2326 Justinus,
770 2286 847 2330 per
882 2270 1043 2323 otium,
1078 2286 1216 2329 quum
1256 2271 1299 2312 in
1332 2270 1440 2313 urbe

54 2369 320 2414 versaretur,
355 2359 609 2420 dignissima
641 2375 825 2419 quaeque
858 2359 1111 2419 cognitione
1149 2359 1438 2419 excerpsisse,

56 2459 98 2492 et
118 2448 286 2492 omissis
311 2448 402 2501 his,
425 2465 519 2508 quae
544 2465 623 2492 nec
649 2448 941 2510 cognoscendi
967 2447 1194 2509 voluptate
1216 2448 1437 2508 jucunda,

56 2554 134 2581 nec
165 2535 364 2596 exemplo
403 2539 642 2580 necessaria
672 2537 915 2596 judicaret,
946 2539 1078 2582 breve
1110 2537 1245 2582 veluti
1280 2537 1435 2581 florum

55 2623 364 2685 corpusculum
401 2624 564 2668 fecisse.
599 2626 900 2685 Subjiciuntur
928 2627 1100 2670 Justino
1136 2627 1177 2669 in
1208 2625 1435 2685 Bongarsii

54 2716 267 2769 editione,
304 2725 433 2774 atque
471 2714 570 2757 inde
608 2715 649 2756 in
690 2713 806 2770 aliis,
850 2716 1046 2775 Prologi,
1083 2716 1169 2758 sive
1206 2713 1437 2758 Perioclice
