<?xml version="1.0" encoding="UTF-8"?>
<!DOCTYPE html PUBLIC "-//W3C//DTD XHTML 1.0 Transitional//EN"
    "http://www.w3.org/TR/xhtml1/DTD/xhtml1-transitional.dtd">
<html xmlns="http://www.w3.org/1999/xhtml" xml:lang="en" lang="en">
 <head>
  <title>
</title>
<meta http-equiv="Content-Type" content="text/html;charset=utf-8" />
  <meta name='ocr-system' content='tesseract 3.04.00' />
  <meta name='ocr-capabilities' content='ocr_page ocr_carea ocr_par ocr_line ocrx_word'/>
</head>
<body>
  <div class='ocr_page' id='page_1' title='image "./historiarumphili01justuoft_0217.png"; bbox 0 0 1783 3282; ppageno 0'>
   <div class='ocr_carea' id='block_1_1' title="bbox 694 285 1517 336">
    <p class='ocr_par' dir='ltr' id='par_1_1' title="bbox 694 285 1517 336">
     <span class='ocr_line' id='line_1_1' title="bbox 694 285 1517 336; baseline 0.004 -17"><span class='ocrx_word' id='word_1_1' title='bbox 694 285 884 319; x_wconf 79' lang='lat' dir='ltr'>LIBRUM</span> <span class='ocrx_word' id='word_1_2' title='bbox 910 288 956 320; x_wconf 89' lang='grc'>11.</span> <span class='ocrx_word' id='word_1_3' title='bbox 1447 301 1517 336; x_wconf 73' lang='lat'>¹99</span> 
     </span>
    </p>
   </div>
   <div class='ocr_carea' id='block_1_2' title="bbox 117 368 1516 2740">
    <p class='ocr_par' dir='ltr' id='par_1_2' title="bbox 136 368 1516 721">
     <span class='ocr_line' id='line_1_2' title="bbox 141 368 1515 418; baseline 0.001 -14"><span class='ocrx_word' id='word_1_4' title='bbox 141 382 211 417; x_wconf 84' lang='lat' dir='ltr'>que</span> <span class='ocrx_word' id='word_1_5' title='bbox 233 369 329 416; x_wconf 83' lang='lat' dir='ltr'>Cyro</span> <span class='ocrx_word' id='word_1_6' title='bbox 355 376 390 403; x_wconf 86' lang='lat' dir='ltr'>et</span> <span class='ocrx_word' id='word_1_7' title='bbox 414 369 529 403; x_wconf 84' lang='lat' dir='ltr'>Dario</span> <span class='ocrx_word' id='word_1_8' title='bbox 543 396 552 413; x_wconf 88' lang='lat'>‚</span> <span class='ocrx_word' id='word_1_9' title='bbox 571 368 634 416; x_wconf 91' lang='lat' dir='ltr'>qui</span> <span class='ocrx_word' id='word_1_10' title='bbox 653 375 844 414; x_wconf 86' lang='lat' dir='ltr'>utramque</span> <span class='ocrx_word' id='word_1_11' title='bbox 864 368 1052 415; x_wconf 85' lang='lat' dir='ltr'>Scythiam</span> <span class='ocrx_word' id='word_1_12' title='bbox 1079 370 1226 417; x_wconf 89' lang='lat' dir='ltr'>imperii</span> <span class='ocrx_word' id='word_1_13' title='bbox 1248 372 1302 405; x_wconf 88' lang='lat' dir='ltr'>sui</span> <span class='ocrx_word' id='word_1_14' title='bbox 1321 372 1414 418; x_wconf 84' lang='lat' dir='ltr'>jugo</span> <span class='ocrx_word' id='word_1_15' title='bbox 1427 372 1515 406; x_wconf 92' lang='lat' dir='ltr'>sub-</span> 
     </span>
     <span class='ocr_line' id='line_1_3' title="bbox 137 429 1515 476; baseline 0.004 -12"><span class='ocrx_word' id='word_1_16' title='bbox 137 431 248 476; x_wconf 85' lang='lat' dir='ltr'>jicere</span> <span class='ocrx_word' id='word_1_17' title='bbox 273 430 396 464; x_wconf 79' lang='lat' dir='ltr'>conati</span> <span class='ocrx_word' id='word_1_18' title='bbox 423 437 526 474; x_wconf 90' lang='lat' dir='ltr'>sunt,</span> <span class='ocrx_word' id='word_1_19' title='bbox 559 437 711 465; x_wconf 88' lang='lat' dir='ltr'>conatus</span> <span class='ocrx_word' id='word_1_20' title='bbox 742 429 936 464; x_wconf 84' lang='lat' dir='ltr'><strong>infeliciter</strong></span> <span class='ocrx_word' id='word_1_21' title='bbox 965 438 1171 475; x_wconf 75' lang='lat' dir='ltr'>cesserunt,</span> <span class='ocrx_word' id='word_1_22' title='bbox 1199 433 1290 467; x_wconf 84' lang='lat' dir='ltr'>sicut</span> <span class='ocrx_word' id='word_1_23' title='bbox 1321 441 1355 468; x_wconf 89' lang='lat' dir='ltr'>et</span> <span class='ocrx_word' id='word_1_24' title='bbox 1387 440 1515 469; x_wconf 89' lang='lat' dir='ltr'>nostro</span> 
     </span>
     <span class='ocr_line' id='line_1_4' title="bbox 140 490 1516 539; baseline 0.004 -15"><span class='ocrx_word' id='word_1_25' title='bbox 140 491 359 537; x_wconf 88' lang='lat' dir='ltr'>Napoleoni.</span> <span class='ocrx_word' id='word_1_26' title='bbox 383 492 476 525; x_wconf 85' lang='lat' dir='ltr'>Nam</span> <span class='ocrx_word' id='word_1_27' title='bbox 509 492 622 539; x_wconf 83' lang='lat' dir='ltr'>Cyrus</span> <span class='ocrx_word' id='word_1_28' title='bbox 641 504 661 525; x_wconf 85' lang='lat' dir='ltr'>a</span> <span class='ocrx_word' id='word_1_29' title='bbox 680 490 896 537; x_wconf 82' lang='lat' dir='ltr'>Massagetis</span> <span class='ocrx_word' id='word_1_30' title='bbox 915 491 1115 525; x_wconf 87' lang='lat' dir='ltr'>crudeliter</span> <span class='ocrx_word' id='word_1_31' title='bbox 1144 492 1354 529; x_wconf 86' lang='lat' dir='ltr'>interfectus</span> <span class='ocrx_word' id='word_1_32' title='bbox 1382 502 1454 539; x_wconf 81' lang='lat' dir='ltr'>est,</span> <span class='ocrx_word' id='word_1_33' title='bbox 1481 503 1516 529; x_wconf 76' lang='lat' dir='ltr'>et</span> 
     </span>
     <span class='ocr_line' id='line_1_5' title="bbox 137 551 1513 600; baseline 0.004 -15"><span class='ocrx_word' id='word_1_34' title='bbox 137 551 196 585; x_wconf 82' lang='lat' dir='ltr'>hic</span> <span class='ocrx_word' id='word_1_35' title='bbox 222 552 356 586; x_wconf 87' lang='lat' dir='ltr'>Darius</span> <span class='ocrx_word' id='word_1_36' title='bbox 381 554 483 600; x_wconf 74' lang='lat' dir='ltr'>turpi</span> <span class='ocrx_word' id='word_1_37' title='bbox 495 552 616 600; x_wconf 76' lang='lat' dir='ltr'>suga,</span> <span class='ocrx_word' id='word_1_38' title='bbox 645 553 786 586; x_wconf 72' lang='lat' dir='ltr'>amissa</span> <span class='ocrx_word' id='word_1_39' title='bbox 812 553 971 599; x_wconf 80' lang='lat' dir='ltr'>septima</span> <span class='ocrx_word' id='word_1_40' title='bbox 989 559 1105 600; x_wconf 79' lang='lat' dir='ltr'>parte</span> <span class='ocrx_word' id='word_1_41' title='bbox 1131 555 1312 587; x_wconf 69' lang='lat' dir='ltr'>exercitus</span> <span class='ocrx_word' id='word_1_42' title='bbox 1340 555 1513 591; x_wconf 83' lang='lat' dir='ltr'>discessit.</span> 
     </span>
     <span class='ocr_line' id='line_1_6' title="bbox 136 612 1516 651; baseline 0.004 -5"><span class='ocrx_word' id='word_1_43' title='bbox 136 613 200 646; x_wconf 89' lang='lat' dir='ltr'>Est</span> <span class='ocrx_word' id='word_1_44' title='bbox 237 612 335 647; x_wconf 86' lang='lat' dir='ltr'>enim</span> <span class='ocrx_word' id='word_1_45' title='bbox 367 613 597 648; x_wconf 88' lang='lat' dir='ltr'>verissimum</span> <span class='ocrx_word' id='word_1_46' title='bbox 631 613 769 647; x_wconf 91' lang='lat' dir='ltr'>dictum</span> <span class='ocrx_word' id='word_1_47' title='bbox 802 612 974 648; x_wconf 86' lang='lat' dir='ltr'>Isocratis</span> <span class='ocrx_word' id='word_1_48' title='bbox 1001 625 1009 645; x_wconf 91' lang='lat'><strong>:</strong></span> <span class='ocrx_word' id='word_1_49' title='bbox 1036 625 1162 648; x_wconf 83' lang='lat' dir='ltr'>omnes</span> <span class='ocrx_word' id='word_1_50' title='bbox 1191 613 1366 648; x_wconf 75' lang='lat' dir='ltr'>bellorum</span> <span class='ocrx_word' id='word_1_51' title='bbox 1398 617 1516 651; x_wconf 68' lang='lat' dir='ltr'>exitus</span> 
     </span>
     <span class='ocr_line' id='line_1_7' title="bbox 136 673 788 721; baseline 0.005 -16"><span class='ocrx_word' id='word_1_52' title='bbox 136 673 286 707; x_wconf 77' lang='lat' dir='ltr'>tandem</span> <span class='ocrx_word' id='word_1_53' title='bbox 311 682 510 721; x_wconf 81' lang='lat' dir='ltr'>congruunt</span> <span class='ocrx_word' id='word_1_54' title='bbox 533 687 614 708; x_wconf 83' lang='lat' dir='ltr'>cum</span> <span class='ocrx_word' id='word_1_55' title='bbox 628 673 788 718; x_wconf 72' lang='lat' dir='ltr'>justitia.</span> 
     </span>
    </p>

    <p class='ocr_par' dir='ltr' id='par_1_3' title="bbox 130 734 1515 1210">
     <span class='ocr_line' id='line_1_8' title="bbox 187 734 1515 782; baseline 0.002 -14"><span class='ocrx_word' id='word_1_56' title='bbox 187 735 232 767; x_wconf 78' lang='lat' dir='ltr'>In</span> <span class='ocrx_word' id='word_1_57' title='bbox 267 734 443 769; x_wconf 62' lang='lat' dir='ltr'>Illoeotc&#39;m.</span> <span class='ocrx_word' id='word_1_58' title='bbox 481 735 743 769; x_wconf 87' lang='lat' dir='ltr'>Temerindam</span> <span class='ocrx_word' id='word_1_59' title='bbox 777 735 921 782; x_wconf 76' lang='lat' dir='ltr'>Scythis</span> <span class='ocrx_word' id='word_1_60' title='bbox 958 734 1139 781; x_wconf 87' lang='lat' dir='ltr'>appellari</span> <span class='ocrx_word' id='word_1_61' title='bbox 1175 741 1328 769; x_wconf 85' lang='lat' dir='ltr'>testatur</span> <span class='ocrx_word' id='word_1_62' title='bbox 1360 736 1515 779; x_wconf 83' lang='lat' dir='ltr'>Plinius,</span> 
     </span>
     <span class='ocr_line' id='line_1_9' title="bbox 135 794 1515 847; baseline 0.001 -19"><span class='ocrx_word' id='word_1_63' title='bbox 135 794 238 840; x_wconf 88' lang='lat' dir='ltr'>quasi</span> <span class='ocrx_word' id='word_1_64' title='bbox 273 803 430 829; x_wconf 80' lang='lat' dir='ltr'>matrem</span> <span class='ocrx_word' id='word_1_65' title='bbox 463 796 596 839; x_wconf 76' lang='lat' dir='ltr'>marc&#39;53</span> <span class='ocrx_word' id='word_1_66' title='bbox 629 795 737 829; x_wconf 88' lang='lat' dir='ltr'>sicuti</span> <span class='ocrx_word' id='word_1_67' title='bbox 773 802 808 829; x_wconf 89' lang='lat' dir='ltr'>et</span> <span class='ocrx_word' id='word_1_68' title='bbox 840 795 1042 842; x_wconf 85' lang='lat' dir='ltr'>Dionysius</span> <span class='ocrx_word' id='word_1_69' title='bbox 1080 795 1352 830; x_wconf 85' lang='lat' dir='ltr'>Alexandrinus</span> <span class='ocrx_word' id='word_1_70' title='bbox 1394 805 1515 847; x_wconf 67' lang='grc' dir='ltr'><strong>μητέρα,</strong></span> 
     </span>
     <span class='ocr_line' id='line_1_10' title="bbox 132 855 1512 902; baseline -0.001 -9"><span class='ocrx_word' id='word_1_71' title='bbox 132 861 270 900; x_wconf 78' lang='grc' dir='ltr'><strong>Πόντου;</strong></span> <span class='ocrx_word' id='word_1_72' title='bbox 290 855 394 902; x_wconf 89' lang='lat' dir='ltr'>quod</span> <span class='ocrx_word' id='word_1_73' title='bbox 417 855 538 901; x_wconf 85' lang='lat' dir='ltr'>reipsa</span> <span class='ocrx_word' id='word_1_74' title='bbox 570 867 685 902; x_wconf 78' lang='lat' dir='ltr'>graece</span> <span class='ocrx_word' id='word_1_75' title='bbox 710 856 863 890; x_wconf 76' lang='lat' dir='ltr'>Moeotc’s</span> <span class='ocrx_word' id='word_1_76' title='bbox 898 855 1091 902; x_wconf 76' lang='lat' dir='ltr'>significat.</span> <span class='ocrx_word' id='word_1_77' title='bbox 1126 857 1207 891; x_wconf 90' lang='lat' dir='ltr'>Hoc</span> <span class='ocrx_word' id='word_1_78' title='bbox 1243 856 1340 891; x_wconf 89' lang='lat' dir='ltr'>enim</span> <span class='ocrx_word' id='word_1_79' title='bbox 1378 869 1512 893; x_wconf 83' lang='lat' dir='ltr'>nomen</span> 
     </span>
     <span class='ocr_line' id='line_1_11' title="bbox 132 915 1514 969; baseline 0.007 -19"><span class='ocrx_word' id='word_1_80' title='bbox 132 927 308 961; x_wconf 74' lang='lat' dir='ltr'>graecum,</span> <span class='ocrx_word' id='word_1_81' title='bbox 333 915 426 951; x_wconf 89' lang='lat' dir='ltr'>sicut</span> <span class='ocrx_word' id='word_1_82' title='bbox 453 923 603 966; x_wconf 79' lang='grc' dir='ltr'>μαίωσις,</span> <span class='ocrx_word' id='word_1_83' title='bbox 630 916 838 951; x_wconf 83' lang='lat' dir='ltr'>obstetricis</span> <span class='ocrx_word' id='word_1_84' title='bbox 863 929 977 963; x_wconf 88' lang='lat' dir='ltr'>opera</span> <span class='ocrx_word' id='word_1_85' title='bbox 1011 925 1046 952; x_wconf 86' lang='lat' dir='ltr'>et</span> <span class='ocrx_word' id='word_1_86' title='bbox 1078 931 1228 962; x_wconf 86' lang='lat' dir='ltr'>munus,</span> <span class='ocrx_word' id='word_1_87' title='bbox 1258 925 1294 952; x_wconf 91' lang='lat' dir='ltr'>et</span> <span class='ocrx_word' id='word_1_88' title='bbox 1320 927 1514 969; x_wconf 71' lang='grc' dir='ltr'>μαιευτικός,</span> 
     </span>
     <span class='ocr_line' id='line_1_12' title="bbox 134 977 1513 1029; baseline 0.004 -18"><span class='ocrx_word' id='word_1_89' title='bbox 134 977 191 1011; x_wconf 87' lang='lat' dir='ltr'>vel</span> <span class='ocrx_word' id='word_1_90' title='bbox 222 983 409 1012; x_wconf 86' lang='lat' dir='ltr'>contracte</span> <span class='ocrx_word' id='word_1_91' title='bbox 435 984 620 1027; x_wconf 53' lang='lat' dir='ltr'>patmm&#39;g,</span> <span class='ocrx_word' id='word_1_92' title='bbox 646 978 694 1012; x_wconf 87' lang='lat' dir='ltr'>ad</span> <span class='ocrx_word' id='word_1_93' title='bbox 718 978 955 1013; x_wconf 83' lang='lat' dir='ltr'>obstetricem</span> <span class='ocrx_word' id='word_1_94' title='bbox 981 979 1189 1025; x_wconf 81' lang='lat' dir='ltr'>pertinens,</span> <span class='ocrx_word' id='word_1_95' title='bbox 1216 992 1235 1013; x_wconf 86' lang='lat' dir='ltr'>a</span> <span class='ocrx_word' id='word_1_96' title='bbox 1261 987 1400 1029; x_wconf 67' lang='grc' dir='ltr'>μαιεύω,</span> <span class='ocrx_word' id='word_1_97' title='bbox 1426 981 1513 1016; x_wconf 90' lang='lat' dir='ltr'>obs—</span> 
     </span>
     <span class='ocr_line' id='line_1_13' title="bbox 131 1038 1514 1088; baseline 0.003 -16"><span class='ocrx_word' id='word_1_98' title='bbox 131 1038 299 1073; x_wconf 87' lang='lat' dir='ltr'>tetricem</span> <span class='ocrx_word' id='word_1_99' title='bbox 325 1051 413 1085; x_wconf 84' lang='lat' dir='ltr'>ago,</span> <span class='ocrx_word' id='word_1_100' title='bbox 439 1046 539 1088; x_wconf 70' lang='grc' dir='ltr'>μαῖα,</span> <span class='ocrx_word' id='word_1_101' title='bbox 565 1039 767 1083; x_wconf 84' lang='lat' dir='ltr'>obstetrix,</span> <span class='ocrx_word' id='word_1_102' title='bbox 789 1039 933 1083; x_wconf 85' lang='lat' dir='ltr'>nutrix,</span> <span class='ocrx_word' id='word_1_103' title='bbox 958 1040 1058 1084; x_wconf 85' lang='lat' dir='ltr'>avia,</span> <span class='ocrx_word' id='word_1_104' title='bbox 1084 1040 1270 1086; x_wconf 86' lang='lat' dir='ltr'>originem</span> <span class='ocrx_word' id='word_1_105' title='bbox 1295 1041 1424 1085; x_wconf 85' lang='lat' dir='ltr'>trahit,</span> <span class='ocrx_word' id='word_1_106' title='bbox 1449 1054 1514 1076; x_wconf 59' lang='lat' dir='ltr'>so-</span> 
     </span>
     <span class='ocr_line' id='line_1_14' title="bbox 130 1099 1514 1148; baseline 0.004 -16"><span class='ocrx_word' id='word_1_107' title='bbox 130 1105 269 1146; x_wconf 87' lang='lat' dir='ltr'>natque</span> <span class='ocrx_word' id='word_1_108' title='bbox 302 1112 436 1146; x_wconf 80' lang='lat' dir='ltr'>magna</span> <span class='ocrx_word' id='word_1_109' title='bbox 467 1106 602 1144; x_wconf 83' lang='lat' dir='ltr'>mater,</span> <span class='ocrx_word' id='word_1_110' title='bbox 632 1099 758 1134; x_wconf 84' lang='lat' dir='ltr'>nutrix</span> <span class='ocrx_word' id='word_1_111' title='bbox 784 1101 842 1134; x_wconf 83' lang='lat' dir='ltr'>vel</span> <span class='ocrx_word' id='word_1_112' title='bbox 875 1100 1078 1144; x_wconf 80' lang='lat' dir='ltr'>obstetrix,</span> <span class='ocrx_word' id='word_1_113' title='bbox 1105 1101 1207 1148; x_wconf 87' lang='lat' dir='ltr'>quod</span> <span class='ocrx_word' id='word_1_114' title='bbox 1240 1101 1286 1136; x_wconf 87' lang='lat' dir='ltr'>ad</span> <span class='ocrx_word' id='word_1_115' title='bbox 1311 1102 1469 1147; x_wconf 87' lang='lat' dir='ltr'>Rheam,</span> <span class='ocrx_word' id='word_1_116' title='bbox 1495 1117 1514 1137; x_wconf 82' lang='lat' dir='ltr'>a</span> 
     </span>
     <span class='ocr_line' id='line_1_15' title="bbox 130 1159 746 1210; baseline 0.003 -16"><span class='ocrx_word' id='word_1_117' title='bbox 130 1167 208 1210; x_wconf 77' lang='grc' dir='ltr'><strong>ῥέω,</strong></span> <span class='ocrx_word' id='word_1_118' title='bbox 231 1159 324 1205; x_wconf 86' lang='lat' dir='ltr'>fluo,</span> <span class='ocrx_word' id='word_1_119' title='bbox 350 1161 400 1195; x_wconf 87' lang='lat' dir='ltr'>sic</span> <span class='ocrx_word' id='word_1_120' title='bbox 426 1161 582 1205; x_wconf 81' lang='lat' dir='ltr'>dictam,</span> <span class='ocrx_word' id='word_1_121' title='bbox 605 1161 746 1196; x_wconf 84' lang='lat' dir='ltr'>alludit.</span> 
     </span>
    </p>

    <p class='ocr_par' dir='ltr' id='par_1_4' title="bbox 123 1222 1514 1759">
     <span class='ocr_line' id='line_1_16' title="bbox 184 1222 1513 1269; baseline 0.003 -13"><span class='ocrx_word' id='word_1_122' title='bbox 184 1222 267 1256; x_wconf 75' lang='lat' dir='ltr'>CAP.</span> <span class='ocrx_word' id='word_1_123' title='bbox 295 1223 344 1257; x_wconf 91' lang='lat' dir='ltr'>II.</span> <span class='ocrx_word' id='word_1_124' title='bbox 372 1223 560 1257; x_wconf 67' lang='lat' dir='ltr'>Illontc&#39;bus</span> <span class='ocrx_word' id='word_1_125' title='bbox 587 1222 767 1269; x_wconf 69' lang='lat' dir='ltr'>chhoeis.</span> <span class='ocrx_word' id='word_1_126' title='bbox 795 1222 843 1257; x_wconf 89' lang='lat' dir='ltr'>Hi</span> <span class='ocrx_word' id='word_1_127' title='bbox 868 1230 1013 1257; x_wconf 88' lang='lat' dir='ltr'>montes</span> <span class='ocrx_word' id='word_1_128' title='bbox 1036 1235 1152 1269; x_wconf 77' lang='lat' dir='ltr'>graece</span> <span class='ocrx_word' id='word_1_129' title='bbox 1178 1222 1300 1262; x_wconf 68' lang='grc' dir='ltr'>ῥιπαῖα.</span> <span class='ocrx_word' id='word_1_130' title='bbox 1319 1233 1513 1268; x_wconf 80' lang='lat' dir='ltr'>vocantur,</span> 
     </span>
     <span class='ocr_line' id='line_1_17' title="bbox 130 1283 1514 1334; baseline 0.003 -17"><span class='ocrx_word' id='word_1_131' title='bbox 130 1296 149 1317; x_wconf 78' lang='lat' dir='ltr'>a</span> <span class='ocrx_word' id='word_1_132' title='bbox 171 1290 264 1334; x_wconf 64' lang='grc' dir='ltr'><strong>ῥιπὴ,</strong></span> <span class='ocrx_word' id='word_1_133' title='bbox 284 1283 391 1318; x_wconf 84' lang='lat' dir='ltr'>flatus</span> <span class='ocrx_word' id='word_1_134' title='bbox 409 1285 625 1327; x_wconf 85' lang='lat' dir='ltr'>vehemens,</span> <span class='ocrx_word' id='word_1_135' title='bbox 645 1290 735 1333; x_wconf 69' lang='grc' dir='ltr'>ῥιφή,</span> <span class='ocrx_word' id='word_1_136' title='bbox 756 1284 933 1330; x_wconf 88' lang='lat' dir='ltr'>impetus,</span> <span class='ocrx_word' id='word_1_137' title='bbox 958 1290 1059 1333; x_wconf 71' lang='grc' dir='ltr'>ῥίπτω</span> <span class='ocrx_word' id='word_1_138' title='bbox 1072 1315 1080 1330; x_wconf 81' lang='lat'><strong><em>‚</em></strong></span> <span class='ocrx_word' id='word_1_139' title='bbox 1100 1284 1275 1331; x_wconf 80' lang='lat' dir='ltr'>projicio,</span> <span class='ocrx_word' id='word_1_140' title='bbox 1295 1293 1492 1332; x_wconf 88' lang='lat' dir='ltr'>prosterno</span> <span class='ocrx_word' id='word_1_141' title='bbox 1505 1316 1514 1330; x_wconf 68' lang='lat'><em>‚</em></span> 
     </span>
     <span class='ocr_line' id='line_1_18' title="bbox 128 1345 1514 1393; baseline 0.002 -14"><span class='ocrx_word' id='word_1_142' title='bbox 128 1345 362 1391; x_wconf 87' lang='lat' dir='ltr'>proindeque</span> <span class='ocrx_word' id='word_1_143' title='bbox 397 1357 526 1379; x_wconf 86' lang='lat' dir='ltr'>eorum</span> <span class='ocrx_word' id='word_1_144' title='bbox 562 1358 700 1379; x_wconf 87' lang='lat' dir='ltr'>nomen</span> <span class='ocrx_word' id='word_1_145' title='bbox 741 1345 897 1392; x_wconf 76' lang='lat' dir='ltr'>Rz&#39;plzoec&#39;</span> <span class='ocrx_word' id='word_1_146' title='bbox 930 1346 989 1379; x_wconf 89' lang='lat' dir='ltr'>vel</span> <span class='ocrx_word' id='word_1_147' title='bbox 1022 1346 1149 1392; x_wconf 66' lang='lat' dir='ltr'>Ripaei</span> <span class='ocrx_word' id='word_1_148' title='bbox 1171 1346 1282 1380; x_wconf 88' lang='lat' dir='ltr'>scribi</span> <span class='ocrx_word' id='word_1_149' title='bbox 1306 1353 1446 1393; x_wconf 86' lang='lat' dir='ltr'>potest,</span> <span class='ocrx_word' id='word_1_150' title='bbox 1476 1356 1514 1382; x_wconf 90' lang='lat' dir='ltr'>ut</span> 
     </span>
     <span class='ocr_line' id='line_1_19' title="bbox 127 1406 1511 1456; baseline 0.002 -17"><span class='ocrx_word' id='word_1_151' title='bbox 127 1406 335 1452; x_wconf 72' lang='lat' dir='ltr'>trophaeum</span> <span class='ocrx_word' id='word_1_152' title='bbox 361 1407 420 1440; x_wconf 88' lang='lat' dir='ltr'>vel</span> <span class='ocrx_word' id='word_1_153' title='bbox 445 1413 624 1453; x_wconf 84' lang='lat' dir='ltr'>tropaeum</span> <span class='ocrx_word' id='word_1_154' title='bbox 640 1433 649 1450; x_wconf 91' lang='lat'>,</span> <span class='ocrx_word' id='word_1_155' title='bbox 670 1419 688 1440; x_wconf 92' lang='lat' dir='ltr'>e</span> <span class='ocrx_word' id='word_1_156' title='bbox 711 1419 830 1453; x_wconf 76' lang='lat' dir='ltr'>graeco</span> <span class='ocrx_word' id='word_1_157' title='bbox 859 1413 1020 1456; x_wconf 54' lang='grc' dir='ltr'>τροπαῖον,</span> <span class='ocrx_word' id='word_1_158' title='bbox 1040 1407 1184 1453; x_wconf 79' lang='lat' dir='ltr'>Riphaei</span> <span class='ocrx_word' id='word_1_159' title='bbox 1204 1415 1349 1442; x_wconf 87' lang='lat' dir='ltr'>montes</span> <span class='ocrx_word' id='word_1_160' title='bbox 1369 1410 1511 1443; x_wconf 79' lang='lat' dir='ltr'>assidua</span> 
     </span>
     <span class='ocr_line' id='line_1_20' title="bbox 126 1467 1513 1516; baseline 0.002 -15"><span class='ocrx_word' id='word_1_161' title='bbox 126 1467 211 1501; x_wconf 89' lang='lat' dir='ltr'>nive</span> <span class='ocrx_word' id='word_1_162' title='bbox 236 1467 374 1514; x_wconf 86' lang='lat' dir='ltr'>rigent,</span> <span class='ocrx_word' id='word_1_163' title='bbox 404 1474 439 1502; x_wconf 90' lang='lat' dir='ltr'>et</span> <span class='ocrx_word' id='word_1_164' title='bbox 464 1467 523 1502; x_wconf 86' lang='lat' dir='ltr'>siti</span> <span class='ocrx_word' id='word_1_165' title='bbox 546 1474 630 1502; x_wconf 89' lang='lat' dir='ltr'>sunt</span> <span class='ocrx_word' id='word_1_166' title='bbox 660 1468 698 1501; x_wconf 91' lang='lat' dir='ltr'>in</span> <span class='ocrx_word' id='word_1_167' title='bbox 728 1467 899 1502; x_wconf 84' lang='lat' dir='ltr'>extremis</span> <span class='ocrx_word' id='word_1_168' title='bbox 930 1468 1096 1513; x_wconf 87' lang='lat' dir='ltr'>partibus</span> <span class='ocrx_word' id='word_1_169' title='bbox 1122 1481 1248 1503; x_wconf 84' lang='lat' dir='ltr'>versus</span> <span class='ocrx_word' id='word_1_170' title='bbox 1281 1470 1513 1516; x_wconf 64' lang='lat' dir='ltr'>aquilonem,</span> 
     </span>
     <span class='ocr_line' id='line_1_21' title="bbox 125 1527 1514 1575; baseline 0.003 -14"><span class='ocrx_word' id='word_1_171' title='bbox 125 1527 215 1562; x_wconf 87' lang='lat' dir='ltr'>inde</span> <span class='ocrx_word' id='word_1_172' title='bbox 240 1541 380 1563; x_wconf 90' lang='lat' dir='ltr'>nomen</span> <span class='ocrx_word' id='word_1_173' title='bbox 407 1529 496 1575; x_wconf 90' lang='lat' dir='ltr'>ipsis</span> <span class='ocrx_word' id='word_1_174' title='bbox 525 1528 754 1575; x_wconf 88' lang='lat' dir='ltr'>impositum.</span> <span class='ocrx_word' id='word_1_175' title='bbox 780 1528 944 1571; x_wconf 88' lang='lat' dir='ltr'>Plinius,</span> <span class='ocrx_word' id='word_1_176' title='bbox 973 1541 1034 1571; x_wconf 85' lang='lat' dir='ltr'>VI,</span> <span class='ocrx_word' id='word_1_177' title='bbox 1065 1528 1109 1572; x_wconf 82' lang='grc'>6,</span> <span class='ocrx_word' id='word_1_178' title='bbox 1136 1529 1227 1563; x_wconf 88' lang='lat' dir='ltr'>dicit</span> <span class='ocrx_word' id='word_1_179' title='bbox 1253 1530 1316 1563; x_wconf 88' lang='lat' dir='ltr'>ubi</span> <span class='ocrx_word' id='word_1_180' title='bbox 1337 1530 1514 1565; x_wconf 84' lang='lat' dir='ltr'>deficiunt</span> 
     </span>
     <span class='ocr_line' id='line_1_22' title="bbox 125 1588 1513 1638; baseline 0.003 -15"><span class='ocrx_word' id='word_1_181' title='bbox 125 1588 366 1635; x_wconf 87' lang='lat' dir='ltr'>Riphaeorum</span> <span class='ocrx_word' id='word_1_182' title='bbox 385 1590 569 1624; x_wconf 84' lang='lat' dir='ltr'>montium</span> <span class='ocrx_word' id='word_1_183' title='bbox 584 1590 673 1636; x_wconf 84' lang='lat' dir='ltr'>juga</span> <span class='ocrx_word' id='word_1_184' title='bbox 686 1617 695 1633; x_wconf 90' lang='lat'>,</span> <span class='ocrx_word' id='word_1_185' title='bbox 719 1590 772 1623; x_wconf 84' lang='lat' dir='ltr'>ihi</span> <span class='ocrx_word' id='word_1_186' title='bbox 800 1589 1039 1636; x_wconf 69' lang='lat' dir='ltr'>Alimphoeos</span> <span class='ocrx_word' id='word_1_187' title='bbox 1060 1602 1147 1624; x_wconf 88' lang='lat' dir='ltr'>esse.</span> <span class='ocrx_word' id='word_1_188' title='bbox 1174 1591 1387 1637; x_wconf 67' lang='lat' dir='ltr'>Arimphaei</span> <span class='ocrx_word' id='word_1_189' title='bbox 1403 1592 1513 1638; x_wconf 80' lang='lat' dir='ltr'>igitur</span> 
     </span>
     <span class='ocr_line' id='line_1_23' title="bbox 125 1649 1511 1703; baseline 0.001 -20"><span class='ocrx_word' id='word_1_190' title='bbox 125 1662 199 1684; x_wconf 75' lang='lat' dir='ltr'>vox</span> <span class='ocrx_word' id='word_1_191' title='bbox 228 1657 281 1685; x_wconf 88' lang='lat' dir='ltr'>est</span> <span class='ocrx_word' id='word_1_192' title='bbox 305 1651 352 1685; x_wconf 88' lang='lat' dir='ltr'>ab</span> <span class='ocrx_word' id='word_1_193' title='bbox 375 1670 396 1689; x_wconf 77' lang='grc' dir='ltr'>α</span> <span class='ocrx_word' id='word_1_194' title='bbox 423 1651 520 1698; x_wconf 81' lang='lat' dir='ltr'>priv.</span> <span class='ocrx_word' id='word_1_195' title='bbox 546 1658 581 1686; x_wconf 90' lang='lat' dir='ltr'>et</span> <span class='ocrx_word' id='word_1_196' title='bbox 602 1650 727 1690; x_wconf 66' lang='grc' dir='ltr'>Ριπαῖα</span> <span class='ocrx_word' id='word_1_197' title='bbox 749 1649 907 1685; x_wconf 85' lang='lat' dir='ltr'>conflata</span> <span class='ocrx_word' id='word_1_198' title='bbox 935 1663 942 1684; x_wconf 78' lang='grc' dir='ltr'><strong><em>ε</em></strong></span> <span class='ocrx_word' id='word_1_199' title='bbox 974 1663 994 1686; x_wconf 89' lang='lat' dir='ltr'>a</span> <span class='ocrx_word' id='word_1_200' title='bbox 1016 1657 1118 1701; x_wconf 75' lang='grc' dir='ltr'><strong>ῥίπτω</strong></span> <span class='ocrx_word' id='word_1_201' title='bbox 1145 1652 1242 1686; x_wconf 77' lang='lat' dir='ltr'>enim</span> <span class='ocrx_word' id='word_1_202' title='bbox 1267 1659 1385 1703; x_wconf 57' lang='grc' dir='ltr'><strong>ῥίμφα,</strong></span> <span class='ocrx_word' id='word_1_203' title='bbox 1411 1655 1511 1689; x_wconf 72' lang='lat' dir='ltr'>cele-</span> 
     </span>
     <span class='ocr_line' id='line_1_24' title="bbox 123 1711 741 1759; baseline 0.002 -14"><span class='ocrx_word' id='word_1_204' title='bbox 123 1711 232 1755; x_wconf 82' lang='lat' dir='ltr'>riter,</span> <span class='ocrx_word' id='word_1_205' title='bbox 255 1724 404 1759; x_wconf 80' lang='lat' dir='ltr'>quoque</span> <span class='ocrx_word' id='word_1_206' title='bbox 424 1712 609 1759; x_wconf 84' lang='lat' dir='ltr'>originem</span> <span class='ocrx_word' id='word_1_207' title='bbox 631 1713 741 1747; x_wconf 87' lang='lat' dir='ltr'>ducit.</span> 
     </span>
    </p>

    <p class='ocr_par' dir='ltr' id='par_1_5' title="bbox 119 1773 1511 2369">
     <span class='ocr_line' id='line_1_25' title="bbox 178 1773 1509 1821; baseline 0.003 -14"><span class='ocrx_word' id='word_1_208' title='bbox 178 1773 482 1819; x_wconf 52' lang='lat' dir='ltr'>Phasi-flumine.</span> <span class='ocrx_word' id='word_1_209' title='bbox 510 1775 566 1808; x_wconf 82' lang='lat' dir='ltr'>Ita</span> <span class='ocrx_word' id='word_1_210' title='bbox 590 1774 789 1821; x_wconf 83' lang='lat' dir='ltr'>legendum</span> <span class='ocrx_word' id='word_1_211' title='bbox 816 1781 944 1809; x_wconf 86' lang='lat' dir='ltr'>contra</span> <span class='ocrx_word' id='word_1_212' title='bbox 974 1774 1108 1818; x_wconf 88' lang='lat' dir='ltr'>libros,</span> <span class='ocrx_word' id='word_1_213' title='bbox 1134 1774 1196 1821; x_wconf 90' lang='lat' dir='ltr'>qui</span> <span class='ocrx_word' id='word_1_214' title='bbox 1216 1775 1355 1809; x_wconf 86' lang='lat' dir='ltr'>habent</span> <span class='ocrx_word' id='word_1_215' title='bbox 1378 1776 1509 1811; x_wconf 75' lang='lat' dir='ltr'>Itlzast&#39;.</span> 
     </span>
     <span class='ocr_line' id='line_1_26' title="bbox 123 1834 1511 1882; baseline 0.002 -14"><span class='ocrx_word' id='word_1_216' title='bbox 123 1834 279 1880; x_wconf 85' lang='lat' dir='ltr'>Legitur</span> <span class='ocrx_word' id='word_1_217' title='bbox 304 1835 415 1869; x_wconf 88' lang='lat' dir='ltr'>etiam</span> <span class='ocrx_word' id='word_1_218' title='bbox 441 1836 572 1869; x_wconf 79' lang='lat' dir='ltr'>Tanai.</span> <span class='ocrx_word' id='word_1_219' title='bbox 600 1837 654 1869; x_wconf 82' lang='lat' dir='ltr'>Ex</span> <span class='ocrx_word' id='word_1_220' title='bbox 680 1835 896 1878; x_wconf 63' lang='lat' dir='ltr'>D’Anxisse,</span> <span class='ocrx_word' id='word_1_221' title='bbox 921 1836 1072 1870; x_wconf 87' lang='lat' dir='ltr'>oraculo</span> <span class='ocrx_word' id='word_1_222' title='bbox 1099 1835 1336 1882; x_wconf 66' lang='lat' dir='ltr'>geographiae</span> <span class='ocrx_word' id='word_1_223' title='bbox 1359 1837 1511 1880; x_wconf 81' lang='lat' dir='ltr'>veteris,</span> 
     </span>
     <span class='ocr_line' id='line_1_27' title="bbox 123 1895 1507 1940; baseline 0.002 -12"><span class='ocrx_word' id='word_1_224' title='bbox 123 1895 223 1940; x_wconf 85' lang='lat' dir='ltr'>apud</span> <span class='ocrx_word' id='word_1_225' title='bbox 236 1895 433 1931; x_wconf 81' lang='lat' dir='ltr'>historicos</span> <span class='ocrx_word' id='word_1_226' title='bbox 447 1896 651 1931; x_wconf 84' lang='lat' dir='ltr'>Alexandri</span> <span class='ocrx_word' id='word_1_227' title='bbox 666 1897 805 1931; x_wconf 74' lang='lat' dir='ltr'>Tanais</span> <span class='ocrx_word' id='word_1_228' title='bbox 825 1895 958 1930; x_wconf 88' lang='lat' dir='ltr'>fluvius</span> <span class='ocrx_word' id='word_1_229' title='bbox 972 1896 1073 1931; x_wconf 86' lang='lat' dir='ltr'>idem</span> <span class='ocrx_word' id='word_1_230' title='bbox 1089 1904 1141 1931; x_wconf 87' lang='lat' dir='ltr'>est</span> <span class='ocrx_word' id='word_1_231' title='bbox 1160 1909 1201 1930; x_wconf 84' lang='lat' dir='ltr'>ac</span> <span class='ocrx_word' id='word_1_232' title='bbox 1219 1897 1305 1930; x_wconf 54' lang='lat' dir='ltr'>silis</span> <span class='ocrx_word' id='word_1_233' title='bbox 1319 1904 1353 1930; x_wconf 81' lang='lat' dir='ltr'>et·</span> <span class='ocrx_word' id='word_1_234' title='bbox 1367 1898 1507 1931; x_wconf 65' lang='lat' dir='ltr'>Jaaear-</span> 
     </span>
     <span class='ocr_line' id='line_1_28' title="bbox 122 1958 1510 2005; baseline 0.003 -16"><span class='ocrx_word' id='word_1_235' title='bbox 122 1963 192 1999; x_wconf 77' lang='lat' dir='ltr'>tes,</span> <span class='ocrx_word' id='word_1_236' title='bbox 219 1969 329 2003; x_wconf 86' lang='lat' dir='ltr'>quem</span> <span class='ocrx_word' id='word_1_237' title='bbox 355 1958 554 2005; x_wconf 85' lang='lat' dir='ltr'>Sogdianae</span> <span class='ocrx_word' id='word_1_238' title='bbox 567 1958 767 1992; x_wconf 82' lang='lat' dir='ltr'>terminum</span> <span class='ocrx_word' id='word_1_239' title='bbox 787 1958 977 2004; x_wconf 81' lang='lat' dir='ltr'>assignant</span> <span class='ocrx_word' id='word_1_240' title='bbox 997 1965 1157 2002; x_wconf 84' lang='lat' dir='ltr'>veteres3</span> <span class='ocrx_word' id='word_1_241' title='bbox 1177 1965 1212 1992; x_wconf 89' lang='lat' dir='ltr'>et</span> <span class='ocrx_word' id='word_1_242' title='bbox 1232 1958 1277 1991; x_wconf 88' lang='lat' dir='ltr'>ad</span> <span class='ocrx_word' id='word_1_243' title='bbox 1301 1958 1510 1994; x_wconf 83' lang='lat' dir='ltr'>citeriorem</span> 
     </span>
     <span class='ocr_line' id='line_1_29' title="bbox 121 2018 1510 2068; baseline 0.002 -17"><span class='ocrx_word' id='word_1_244' title='bbox 121 2018 280 2053; x_wconf 84' lang='lat' dir='ltr'>Jaxartis</span> <span class='ocrx_word' id='word_1_245' title='bbox 299 2019 419 2066; x_wconf 82' lang='lat' dir='ltr'>ripam</span> <span class='ocrx_word' id='word_1_246' title='bbox 439 2020 508 2054; x_wconf 86' lang='lat' dir='ltr'>sita</span> <span class='ocrx_word' id='word_1_247' title='bbox 533 2027 610 2055; x_wconf 84' lang='lat' dir='ltr'>erat</span> <span class='ocrx_word' id='word_1_248' title='bbox 631 2020 718 2054; x_wconf 88' lang='lat' dir='ltr'>urbs</span> <span class='ocrx_word' id='word_1_249' title='bbox 744 2019 974 2066; x_wconf 66' lang='lat' dir='ltr'>Cyreschata</span> <span class='ocrx_word' id='word_1_250' title='bbox 996 2019 1040 2067; x_wconf 79' lang='lat' dir='ltr'>(a</span> <span class='ocrx_word' id='word_1_251' title='bbox 1065 2020 1178 2065; x_wconf 70' lang='lat' dir='ltr'>Cyrus</span> <span class='ocrx_word' id='word_1_252' title='bbox 1198 2026 1233 2054; x_wconf 83' lang='lat' dir='ltr'>et</span> <span class='ocrx_word' id='word_1_253' title='bbox 1254 2026 1393 2068; x_wconf 65' lang='grc' dir='ltr'>ἐσχάτη,</span> <span class='ocrx_word' id='word_1_254' title='bbox 1410 2019 1510 2063; x_wconf 87' lang='lat' dir='ltr'>finis,</span> 
     </span>
     <span class='ocr_line' id='line_1_30' title="bbox 121 2079 1510 2129; baseline 0.003 -17"><span class='ocrx_word' id='word_1_255' title='bbox 121 2079 271 2123; x_wconf 82' lang='lat' dir='ltr'>ultima,</span> <span class='ocrx_word' id='word_1_256' title='bbox 290 2087 474 2124; x_wconf 85' lang='lat' dir='ltr'>extrema,</span> <span class='ocrx_word' id='word_1_257' title='bbox 509 2081 594 2126; x_wconf 78' lang='lat' dir='ltr'>Cyri</span> <span class='ocrx_word' id='word_1_258' title='bbox 620 2080 736 2129; x_wconf 61' lang='lat' dir='ltr'>meta)</span> <span class='ocrx_word' id='word_1_259' title='bbox 778 2094 797 2114; x_wconf 88' lang='lat' dir='ltr'>a</span> <span class='ocrx_word' id='word_1_260' title='bbox 826 2082 922 2127; x_wconf 80' lang='lat' dir='ltr'>Cyro</span> <span class='ocrx_word' id='word_1_261' title='bbox 948 2081 1117 2124; x_wconf 82' lang='lat' dir='ltr'>condita,</span> <span class='ocrx_word' id='word_1_262' title='bbox 1142 2081 1314 2126; x_wconf 80' lang='lat' dir='ltr'>dictaque</span> <span class='ocrx_word' id='word_1_263' title='bbox 1335 2088 1437 2126; x_wconf 87' lang='lat' dir='ltr'>post,</span> <span class='ocrx_word' id='word_1_264' title='bbox 1462 2082 1510 2116; x_wconf 84' lang='lat' dir='ltr'>ab</span> 
     </span>
     <span class='ocr_line' id='line_1_31' title="bbox 120 2141 1509 2188; baseline 0.004 -16"><span class='ocrx_word' id='word_1_265' title='bbox 120 2142 362 2184; x_wconf 69' lang='lat' dir='ltr'>Alexandro,</span> <span class='ocrx_word' id='word_1_266' title='bbox 381 2143 620 2176; x_wconf 67' lang='lat' dir='ltr'>Alexandria</span> <span class='ocrx_word' id='word_1_267' title='bbox 645 2143 795 2183; x_wconf 69' lang='lat' dir='ltr'>ultima,</span> <span class='ocrx_word' id='word_1_268' title='bbox 822 2143 869 2176; x_wconf 83' lang='lat' dir='ltr'>ad</span> <span class='ocrx_word' id='word_1_269' title='bbox 893 2143 1074 2185; x_wconf 80' lang='lat' dir='ltr'>Tanaim3</span> <span class='ocrx_word' id='word_1_270' title='bbox 1098 2150 1133 2176; x_wconf 92' lang='lat' dir='ltr'>et</span> <span class='ocrx_word' id='word_1_271' title='bbox 1152 2142 1273 2188; x_wconf 86' lang='lat' dir='ltr'>reipsa</span> <span class='ocrx_word' id='word_1_272' title='bbox 1300 2141 1388 2175; x_wconf 86' lang='lat' dir='ltr'>citra</span> <span class='ocrx_word' id='word_1_273' title='bbox 1412 2142 1509 2177; x_wconf 88' lang='lat' dir='ltr'>hunc</span> 
     </span>
     <span class='ocr_line' id='line_1_32' title="bbox 122 2199 1509 2251; baseline 0.002 -16"><span class='ocrx_word' id='word_1_274' title='bbox 122 2199 276 2236; x_wconf 90' lang='lat' dir='ltr'>fluvium</span> <span class='ocrx_word' id='word_1_275' title='bbox 303 2203 492 2247; x_wconf 87' lang='lat' dir='ltr'>Herculis,</span> <span class='ocrx_word' id='word_1_276' title='bbox 526 2204 679 2247; x_wconf 85' lang='lat' dir='ltr'>Bacchi,</span> <span class='ocrx_word' id='word_1_277' title='bbox 707 2203 811 2251; x_wconf 69' lang='lat' dir='ltr'>Cyri,</span> <span class='ocrx_word' id='word_1_278' title='bbox 847 2203 1102 2238; x_wconf 85' lang='lat' dir='ltr'>Semiramidis</span> <span class='ocrx_word' id='word_1_279' title='bbox 1137 2211 1171 2238; x_wconf 88' lang='lat' dir='ltr'>et</span> <span class='ocrx_word' id='word_1_280' title='bbox 1194 2203 1399 2238; x_wconf 80' lang='lat' dir='ltr'>Alexandri</span> <span class='ocrx_word' id='word_1_281' title='bbox 1421 2216 1509 2248; x_wconf 87' lang='lat' dir='ltr'>arae,</span> 
     </span>
     <span class='ocr_line' id='line_1_33' title="bbox 119 2263 1509 2310; baseline 0.004 -15"><span class='ocrx_word' id='word_1_282' title='bbox 119 2274 190 2308; x_wconf 89' lang='lat' dir='ltr'>pro</span> <span class='ocrx_word' id='word_1_283' title='bbox 204 2263 312 2298; x_wconf 87' lang='lat' dir='ltr'>metis</span> <span class='ocrx_word' id='word_1_284' title='bbox 327 2275 474 2309; x_wconf 89' lang='lat' dir='ltr'>eorum,</span> <span class='ocrx_word' id='word_1_285' title='bbox 490 2272 618 2300; x_wconf 87' lang='lat' dir='ltr'>erectae</span> <span class='ocrx_word' id='word_1_286' title='bbox 638 2264 795 2300; x_wconf 83' lang='lat' dir='ltr'>fuerant.</span> <span class='ocrx_word' id='word_1_287' title='bbox 815 2265 910 2299; x_wconf 77' lang='lat' dir='ltr'>Vide</span> <span class='ocrx_word' id='word_1_288' title='bbox 927 2266 1032 2299; x_wconf 59' lang='lat' dir='ltr'>sz.</span> <span class='ocrx_word' id='word_1_289' title='bbox 1047 2291 1056 2308; x_wconf 88' lang='lat'><strong><em>‚</em></strong></span> <span class='ocrx_word' id='word_1_290' title='bbox 1076 2277 1114 2299; x_wconf 84' lang='lat' dir='ltr'>V1</span> <span class='ocrx_word' id='word_1_291' title='bbox 1130 2292 1139 2309; x_wconf 95' lang='lat'>,</span> <span class='ocrx_word' id='word_1_292' title='bbox 1157 2264 1219 2308; x_wconf 89' lang='lat'>16;</span> <span class='ocrx_word' id='word_1_293' title='bbox 1242 2265 1391 2309; x_wconf 62' lang='lat' dir='ltr'>STRAB„</span> <span class='ocrx_word' id='word_1_294' title='bbox 1414 2277 1453 2310; x_wconf 84' lang='lat'>2,</span> <span class='ocrx_word' id='word_1_295' title='bbox 1473 2273 1509 2301; x_wconf 88' lang='lat' dir='ltr'>et</span> 
     </span>
     <span class='ocr_line' id='line_1_34' title="bbox 119 2323 394 2369; baseline 0.015 -13"><span class='ocrx_word' id='word_1_296' title='bbox 119 2323 317 2369; x_wconf 69' lang='lat' dir='ltr'>Cunnum,</span> <span class='ocrx_word' id='word_1_297' title='bbox 339 2338 394 2360; x_wconf 87' lang='lat' dir='ltr'>VI.</span> 
     </span>
    </p>

    <p class='ocr_par' dir='ltr' id='par_1_6' title="bbox 117 2386 1508 2740">
     <span class='ocr_line' id='line_1_35' title="bbox 172 2386 1508 2437; baseline 0.002 -18"><span class='ocrx_word' id='word_1_298' title='bbox 172 2388 220 2420; x_wconf 83' lang='lat' dir='ltr'>In</span> <span class='ocrx_word' id='word_1_299' title='bbox 235 2387 429 2433; x_wconf 76' lang='lat' dir='ltr'>plaustris.</span> <span class='ocrx_word' id='word_1_300' title='bbox 453 2387 564 2422; x_wconf 87' lang='lat' dir='ltr'>Unde</span> <span class='ocrx_word' id='word_1_301' title='bbox 583 2388 727 2434; x_wconf 82' lang='lat' dir='ltr'>Scythae</span> <span class='ocrx_word' id='word_1_302' title='bbox 747 2386 839 2421; x_wconf 86' lang='lat' dir='ltr'>dicti</span> <span class='ocrx_word' id='word_1_303' title='bbox 857 2387 1035 2437; x_wconf 66' lang='grc' dir='ltr'>Ᾱμαξόὲιοι</span> <span class='ocrx_word' id='word_1_304' title='bbox 1057 2393 1092 2421; x_wconf 89' lang='lat' dir='ltr'>et</span> <span class='ocrx_word' id='word_1_305' title='bbox 1110 2387 1334 2436; x_wconf 63' lang='grc' dir='ltr'>Ᾰμαξοῧίται,</span> <span class='ocrx_word' id='word_1_306' title='bbox 1354 2389 1427 2422; x_wconf 86' lang='lat' dir='ltr'>hoc</span> <span class='ocrx_word' id='word_1_307' title='bbox 1455 2395 1508 2422; x_wconf 87' lang='lat' dir='ltr'>est</span> 
     </span>
     <span class='ocr_line' id='line_1_36' title="bbox 117 2448 1507 2499; baseline 0.001 -17"><span class='ocrx_word' id='word_1_308' title='bbox 117 2449 156 2482; x_wconf 87' lang='lat' dir='ltr'>iu</span> <span class='ocrx_word' id='word_1_309' title='bbox 176 2448 347 2495; x_wconf 85' lang='lat' dir='ltr'>plaustris</span> <span class='ocrx_word' id='word_1_310' title='bbox 371 2448 538 2483; x_wconf 88' lang='lat' dir='ltr'>viventes</span> <span class='ocrx_word' id='word_1_311' title='bbox 547 2461 557 2492; x_wconf 92' lang='lat'>;</span> <span class='ocrx_word' id='word_1_312' title='bbox 581 2448 670 2483; x_wconf 90' lang='lat' dir='ltr'>item</span> <span class='ocrx_word' id='word_1_313' title='bbox 694 2449 887 2499; x_wconf 59' lang='lat' dir='ltr'>Ap-dEOtX-Ot,</span> <span class='ocrx_word' id='word_1_314' title='bbox 909 2448 1042 2483; x_wconf 87' lang='lat' dir='ltr'>domos</span> <span class='ocrx_word' id='word_1_315' title='bbox 1066 2460 1147 2482; x_wconf 89' lang='lat' dir='ltr'>suas</span> <span class='ocrx_word' id='word_1_316' title='bbox 1178 2448 1217 2482; x_wconf 87' lang='lat' dir='ltr'>in</span> <span class='ocrx_word' id='word_1_317' title='bbox 1244 2448 1417 2494; x_wconf 89' lang='lat' dir='ltr'>plaustris</span> <span class='ocrx_word' id='word_1_318' title='bbox 1436 2448 1507 2483; x_wconf 84' lang='lat' dir='ltr'>ha-</span> 
     </span>
     <span class='ocr_line' id='line_1_37' title="bbox 119 2509 1506 2560; baseline 0 -17"><span class='ocrx_word' id='word_1_319' title='bbox 119 2510 261 2544; x_wconf 86' lang='lat' dir='ltr'>bentes.</span> <span class='ocrx_word' id='word_1_320' title='bbox 297 2509 408 2544; x_wconf 90' lang='lat' dir='ltr'>Unde</span> <span class='ocrx_word' id='word_1_321' title='bbox 449 2522 598 2556; x_wconf 90' lang='lat' dir='ltr'>quoque</span> <span class='ocrx_word' id='word_1_322' title='bbox 624 2522 729 2553; x_wconf 87' lang='lat' dir='ltr'>ursa,</span> <span class='ocrx_word' id='word_1_323' title='bbox 764 2509 864 2544; x_wconf 83' lang='lat' dir='ltr'>sidus</span> <span class='ocrx_word' id='word_1_324' title='bbox 890 2510 1087 2554; x_wconf 81' lang='lat' dir='ltr'>arcticum,</span> <span class='ocrx_word' id='word_1_325' title='bbox 1122 2514 1255 2560; x_wconf 70' lang='grc' dir='ltr'>ἅμαξα,</span> <span class='ocrx_word' id='word_1_326' title='bbox 1283 2509 1506 2555; x_wconf 85' lang='lat' dir='ltr'>plaustrum,</span> 
     </span>
     <span class='ocr_line' id='line_1_38' title="bbox 117 2569 1506 2618; baseline 0 -14"><span class='ocrx_word' id='word_1_327' title='bbox 117 2571 249 2617; x_wconf 78' lang='lat' dir='ltr'>gallice</span> <span class='ocrx_word' id='word_1_328' title='bbox 270 2573 304 2605; x_wconf 84' lang='lat' dir='ltr'>le</span> <span class='ocrx_word' id='word_1_329' title='bbox 317 2571 475 2614; x_wconf 74' lang='lat' dir='ltr'>chariot,</span> <span class='ocrx_word' id='word_1_330' title='bbox 497 2570 647 2614; x_wconf 80' lang='lat' dir='ltr'>dicitur3</span> <span class='ocrx_word' id='word_1_331' title='bbox 665 2571 725 2605; x_wconf 90' lang='lat' dir='ltr'>vel</span> <span class='ocrx_word' id='word_1_332' title='bbox 744 2570 877 2605; x_wconf 87' lang='lat' dir='ltr'>rectius</span> <span class='ocrx_word' id='word_1_333' title='bbox 897 2571 984 2606; x_wconf 87' lang='lat' dir='ltr'>inde</span> <span class='ocrx_word' id='word_1_334' title='bbox 1003 2583 1084 2605; x_wconf 82' lang='lat' dir='ltr'>mos</span> <span class='ocrx_word' id='word_1_335' title='bbox 1103 2571 1340 2618; x_wconf 83' lang='lat' dir='ltr'>Scytharum,</span> <span class='ocrx_word' id='word_1_336' title='bbox 1361 2569 1424 2617; x_wconf 88' lang='lat' dir='ltr'>qui</span> <span class='ocrx_word' id='word_1_337' title='bbox 1437 2570 1506 2605; x_wconf 90' lang='lat' dir='ltr'>sub</span> 
     </span>
     <span class='ocr_line' id='line_1_39' title="bbox 117 2631 1505 2678; baseline -0.001 -11"><span class='ocrx_word' id='word_1_338' title='bbox 117 2645 185 2667; x_wconf 86' lang='lat' dir='ltr'>axe</span> <span class='ocrx_word' id='word_1_339' title='bbox 205 2633 264 2668; x_wconf 89' lang='lat' dir='ltr'>vel</span> <span class='ocrx_word' id='word_1_340' title='bbox 283 2633 420 2667; x_wconf 88' lang='lat' dir='ltr'>circum</span> <span class='ocrx_word' id='word_1_341' title='bbox 440 2645 546 2667; x_wconf 84' lang='lat' dir='ltr'>axem</span> <span class='ocrx_word' id='word_1_342' title='bbox 563 2632 693 2666; x_wconf 87' lang='lat' dir='ltr'>mundi</span> <span class='ocrx_word' id='word_1_343' title='bbox 712 2632 901 2676; x_wconf 80' lang='lat' dir='ltr'>habitant,</span> <span class='ocrx_word' id='word_1_344' title='bbox 921 2632 1009 2667; x_wconf 87' lang='lat' dir='ltr'>etin</span> <span class='ocrx_word' id='word_1_345' title='bbox 1034 2632 1207 2678; x_wconf 87' lang='lat' dir='ltr'>plaustris</span> <span class='ocrx_word' id='word_1_346' title='bbox 1232 2631 1505 2674; x_wconf 89' lang='lat' dir='ltr'>vivunt‚instar</span> 
     </span>
     <span class='ocr_line' id='line_1_40' title="bbox 117 2694 1504 2740; baseline -0.001 -13"><span class='ocrx_word' id='word_1_347' title='bbox 117 2695 303 2730; x_wconf 76' lang='lat' dir='ltr'>stellarum</span> <span class='ocrx_word' id='word_1_348' title='bbox 341 2695 470 2730; x_wconf 87' lang='lat' dir='ltr'>sideris</span> <span class='ocrx_word' id='word_1_349' title='bbox 506 2694 611 2740; x_wconf 80' lang='lat' dir='ltr'>liujus</span> <span class='ocrx_word' id='word_1_350' title='bbox 649 2694 831 2738; x_wconf 73' lang='lat' dir='ltr'>nomini53</span> <span class='ocrx_word' id='word_1_351' title='bbox 857 2707 900 2728; x_wconf 85' lang='lat' dir='ltr'>cx</span> <span class='ocrx_word' id='word_1_352' title='bbox 930 2695 1029 2729; x_wconf 87' lang='lat' dir='ltr'>cultu</span> <span class='ocrx_word' id='word_1_353' title='bbox 1062 2694 1157 2729; x_wconf 85' lang='lat' dir='ltr'>enim</span> <span class='ocrx_word' id='word_1_354' title='bbox 1188 2700 1352 2728; x_wconf 76' lang='lat' dir='ltr'>veterum</span> <span class='ocrx_word' id='word_1_355' title='bbox 1381 2704 1504 2727; x_wconf 88' lang='lat' dir='ltr'>mores</span> 
     </span>
    </p>
   </div>
  </div>
 </body>
</html>
