1783 3282
469 202 813 236 HISTORIARUM
842 204 928 237 LIB.
957 205 1001 237 ΙΙ.
1374 217 1418 248 27

59 303 172 330 num.
183 307 202 329 »
218 288 317 343 Qua
333 303 438 329 voce
451 286 643 345 ejusdem
661 301 704 329 se
724 288 894 345 tyranni
908 289 1136 344 victorem,
1150 300 1247 348 post
1258 290 1422 333 vindic-

55 376 142 409 tam
159 366 378 425 pudicitiae
392 366 565 421 sororis,
577 364 779 408 ostendit.
790 366 930 425 Hujus
944 366 1106 408 virtute
1121 384 1255 425 quum
1274 369 1422 412 admo-

59 445 144 488 nita
165 445 315 487 civitas
339 443 551 487 libertatis
567 454 697 501 esset,
714 444 891 487 tandem
903 445 1086 504 Hippias
1103 461 1238 504 regno
1256 447 1418 505 pulsus,

54 524 96 564 in
113 521 312 565 exsilium
333 524 478 582 agitur
496 539 505 565 :
524 524 598 582 qui
622 523 844 583 profectus
860 524 904 566 in
918 525 1091 579 Persas,
1109 523 1263 566 ducem
1280 542 1322 568 se
1336 529 1421 570 Da-

53 602 137 656 rio,
160 601 361 644 inferenti
383 602 720 646 Atheniensibus
743 601 933 658 bellum,
957 603 1084 645 sicuti
1109 619 1240 662 supra
1261 604 1421 663 signifi-

12 699 13 702 *
53 688 200 722 catum
222 689 312 735 est,
337 680 542 724 adversus
564 682 751 740 patriam
784 697 906 724 suam
940 681 1081 724 offert.
1111 682 1253 742 Igitur
1288 683 1421 725 Athe-

52 759 245 813 nienses,
261 758 410 801 audito
434 760 557 801 Darii
579 759 792 814 adventu,
809 758 1018 802 auxilium
1040 776 1064 803 a
1080 760 1419 804 Lacedaemoniis

51 838 165 879 socia
184 846 276 879 tum
292 838 488 892 civitate,
505 838 768 896 petiverunt.
787 838 911 894 Quos
933 839 1008 880 ubi
1032 838 1236 882 viderunt
1258 842 1421 898 quatri-

51 914 125 958 dui
145 916 283 958 teneri
297 914 525 976 religione,
538 933 627 959 non
644 926 893 976 exspectato
912 915 1095 972 auxilio,
1111 918 1335 961 instructis
1349 919 1422 961 de-

51 1011 145 1038 cem
168 994 360 1038 millibus
382 996 565 1051 civium,
587 1005 630 1038 et
650 995 958 1040 Plataeensibus
978 995 1259 1041 auxiliaribus
1282 997 1418 1054 mille,

50 1074 257 1118 adversus
272 1084 473 1118 sexcenta
487 1074 622 1118 millia
641 1076 901 1132 hostium,in
919 1092 1096 1136 campos
1115 1078 1418 1121 Marathonios

52 1155 94 1196 in
127 1153 329 1213 proelium
362 1154 659 1214 egrediuntur.
686 1154 906 1197 Miltiades
929 1165 972 1197 et
998 1155 1085 1198 dux
1111 1155 1213 1199 belli
1243 1167 1353 1212 erat,
1377 1167 1419 1200 et

50 1243 204 1276 auctor
222 1249 309 1275 non
327 1232 606 1292 exspectandi
629 1232 777 1275 auxilii
799 1249 807 1275 :
827 1249 956 1292 quem
980 1243 1100 1276 tanta
1118 1234 1278 1277 fiducia
1296 1252 1420 1295 cepe-

49 1322 131 1368 rat,
149 1322 197 1355 ut
217 1311 316 1372 plus
337 1313 527 1372 praesidii
542 1313 585 1355 in
603 1311 843 1369 celeritate,
861 1330 992 1372 quam
1016 1315 1060 1356 in
1082 1315 1209 1358 sociis
1225 1314 1417 1359 duceret.

49 1393 210 1452 Magna
221 1392 353 1452 igitur
368 1393 411 1434 in
426 1407 619 1452 pugnam
629 1392 833 1436 euntibus
843 1391 1044 1436 alacritas
1061 1395 1306 1438 animorum
1320 1395 1416 1451 fuit,

48 1470 156 1513 adeo
178 1481 246 1525 ut,
270 1487 405 1530 quum
428 1470 546 1514 mille
561 1487 710 1530 passus
726 1472 840 1514 inter
857 1471 962 1515 duas
978 1474 1091 1516 acies
1106 1484 1266 1530 essent,
1285 1476 1417 1518 citato

50 1566 179 1593 cursu
205 1560 304 1593 ante
323 1551 491 1610 jactum
521 1551 777 1611 sagittarum
805 1551 859 1594 ad
888 1551 1056 1595 hostem
1085 1555 1296 1597 venerint.
1326 1556 1418 1598 Nec

48 1630 240 1673 audaciae
271 1631 363 1689 ejus
399 1640 580 1673 eventus
617 1630 765 1673 defuit.
794 1633 1041 1691 Pugnatum
1070 1642 1134 1675 est
1159 1634 1274 1676 enim
1299 1643 1418 1677 tanta

48 1710 228 1765 virtute,
252 1719 301 1752 ut
322 1709 424 1752 hinc
447 1710 580 1764 viros,
604 1708 703 1751 inde
726 1709 913 1768 pecudes
933 1721 1121 1770 putares.
1140 1713 1257 1755 Victi
1280 1715 1418 1757 Persae

49 1790 91 1831 in
109 1805 239 1832 naves
257 1788 549 1848 confugerunt
566 1804 574 1830 ε
593 1804 644 1831 ex
661 1788 817 1847 quibus
832 1788 979 1832 multae
993 1807 1249 1850 suppressae,
1273 1792 1419 1835 multae

48 1878 184 1928 captae
202 1878 317 1911 sunt.
336 1870 387 1910 In
410 1884 461 1910 eo
482 1866 630 1927 praelio
646 1877 766 1912 tanta
788 1869 926 1912 virtus
948 1868 1219 1930 singulorum
1238 1869 1338 1925 fuit,
1355 1881 1417 1925 ut,

48 1949 172 2008 cujus
195 1946 287 1992 laus
308 1948 451 2007 prima
472 1956 603 2002 esset,
620 1946 797 1990 difficile
810 1947 1025 2007 judicium
1040 1948 1274 1992 videretur.
1299 1953 1419 1993 Inter

48 2037 215 2070 ceteros
239 2037 383 2070 tamen
405 2025 712 2070 Themistoclis
738 2026 1025 2071 adolescentis
1054 2027 1189 2088 gloria
1218 2030 1417 2084 emicuit,

48 2108 91 2150 in
114 2123 200 2166 quo
218 2107 309 2166 jam
339 2116 444 2149 tunc
481 2105 648 2149 indoles
681 2105 837 2149 futurae
873 2108 1162 2167 imperatoriae
1196 2107 1419 2168 dignitatis

47 2187 264 2246 apparuit.
301 2187 519 2246 Cynaegiri
550 2201 742 2245 quoque,
775 2185 924 2229 militis
966 2187 1246 2243 atheniensis,
1283 2187 1417 2248 gloria

48 2266 216 2325 magnis
238 2266 500 2324 scriptorum
521 2263 722 2308 laudibus
743 2264 959 2309 celebrata
981 2276 1068 2309 est:
1090 2268 1164 2326 qui
1189 2277 1286 2326 post
1310 2284 1421 2326 proe-

48 2343 93 2387 lii
130 2345 380 2387 innumeras
416 2344 572 2400 caedes,
606 2360 742 2403 quum
777 2344 992 2405 fugientes
1028 2347 1174 2390 hostes
1209 2346 1264 2389 ad
1290 2363 1420 2389 naves

48 2425 224 2484 egisset,
251 2433 453 2466 onustam
480 2440 634 2466 navem
661 2423 812 2467 dextra
839 2442 971 2469 manu
998 2427 1163 2481 tenuit,
1193 2442 1272 2469 nec
1300 2427 1419 2485 prius

48 2503 237 2557 dimisit,
255 2518 386 2561 quam
408 2518 587 2545 manum
610 2504 828 2547 amitteret
848 2522 855 2547 :
882 2515 975 2548 tum
1001 2521 1176 2564 quoque
1196 2514 1417 2565 amputata

49 2582 223 2638 dextra,
263 2599 414 2625 navem
450 2582 622 2625 sinistra
660 2584 991 2642 comprehendit
1015 2602 1022 2627 ε
1048 2601 1178 2643 quam
1209 2594 1251 2627 et
1283 2585 1417 2643 ipsam
