1783 3282
472 206 817 241 HISTORIARUM
847 208 935 242 LIB.
966 207 1011 241 ΙΙ.
1379 209 1425 244 25

56 307 182 346 rens,
212 298 353 333 castra
377 288 570 331 hostium
600 287 845 348 ingreditur
869 305 878 330 ε
902 288 962 331 ibi
989 290 1032 330 in
1061 290 1188 333 turba
1216 291 1427 335 obsisten-

58 371 168 412 tium
185 401 197 424 ,
221 384 245 411 a
270 365 431 423 milite,
454 382 586 426 quem
612 365 721 410 falce
746 376 842 410 astu
869 365 1198 423 vulneraverat,
1223 370 1429 414 interfici-

59 458 143 490 tur.
167 447 356 507 Cognito
378 446 493 506 regis
515 461 722 505 corpore,
752 447 985 490 Dorienses
1007 446 1098 488 sine
1121 446 1273 504 proelio
1295 449 1430 493 disce-

55 526 179 569 dunt.
209 527 354 585 Atque
393 526 452 569 ita
478 525 765 569 Athenienses
804 526 965 568 virtute
1000 524 1146 580 ducis,
1173 541 1253 584 pro
1290 527 1428 572 salute

58 606 208 665 patriae
231 605 362 648 morti
385 620 428 648 se
450 604 690 661 offerentis,
719 603 835 648 bello
858 603 1112 647 liberantur.

121 686 218 728 VII.
243 686 347 727 Post
369 684 566 727 Codrum
588 700 717 727 nemo
740 683 921 727 Athenis
943 683 1143 744 regnavit
1166 700 1174 725 ε
1200 683 1317 742 quod
1339 701 1428 728 me-

58 764 206 807 moriae
241 764 427 806 nominis
461 763 552 822 ejus
579 762 795 805 tributum
822 771 899 805 est.
924 761 1261 805 Administratio
1287 764 1430 822 reipu-

57 840 181 885 blicae
202 842 356 885 annuis
388 841 716 901 magistratibus
744 841 966 901 permissa.
995 841 1079 884 Sed
1109 841 1275 884 civitati
1302 840 1430 885 nullae

57 930 163 964 tunc
187 919 300 981 leges
324 930 473 976 erant,
496 921 597 980 quia
618 919 756 963 libido
779 936 932 981 regum
950 936 1029 980 pro
1052 918 1220 980 legibus
1242 920 1430 964 habeba-

60 1009 143 1042 tur.
167 1000 349 1060 Legitur
371 1000 516 1060 itaque
540 998 691 1054 Solon,
712 1000 779 1042 vir
797 999 977 1059 justitiae
1000 999 1196 1060 insignis,
1214 1000 1288 1059 qui
1310 998 1430 1044 velut

60 1094 217 1122 novam
254 1079 475 1122 civitatem
502 1077 669 1139 legibus
699 1077 906 1122 conderet
928 1094 937 1120 ε
963 1078 1038 1138 qui
1064 1087 1186 1121 tanto
1218 1088 1430 1139 tempera-

60 1167 209 1201 mento
231 1159 344 1201 inter
367 1157 538 1218 plebem
561 1167 846 1217 senatumque
868 1158 956 1218 egit
973 1158 1157 1218 (quum,
1177 1159 1211 1201 si
1228 1158 1333 1217 quid
1349 1175 1429 1219 pro

57 1235 196 1280 altero
217 1236 368 1280 ordine
392 1236 578 1292 tulisset,
603 1235 727 1280 alteri
749 1235 1073 1296 displiciturum
1090 1236 1356 1298 videretur),
1380 1249 1430 1282 ut

56 1315 110 1358 ab
144 1316 340 1375 utrisque
378 1331 527 1375 parem
560 1317 745 1376 gratiam
777 1316 982 1359 traheret.
1017 1316 1159 1376 Hujus
1193 1317 1275 1360 viri
1317 1318 1430 1360 inter

57 1393 196 1438 multa
222 1396 395 1456 egregia
421 1394 530 1438 illud
557 1394 839 1439 memorabile
863 1394 945 1438 fuit
967 1412 975 1438 :
1006 1396 1119 1439 inter
1141 1396 1428 1440 Athenienses

57 1483 100 1517 et
116 1475 394 1535 Megarenses
418 1474 471 1518 de
494 1476 760 1535 proprietate
778 1473 1006 1518 Salaminae
1023 1473 1191 1531 insulae,
1211 1491 1345 1536 prope
1358 1491 1429 1519 us-

57 1570 140 1613 que
161 1555 386 1598 interitum
410 1555 541 1598 armis
565 1554 818 1598 dimicatum
843 1553 997 1598 fuerat.
1022 1556 1126 1598 Post
1153 1553 1295 1598 clades
1317 1554 1429 1598 mul-

58 1643 122 1677 tas
147 1633 332 1694 capitale
353 1651 444 1678 esse
466 1634 583 1694 apud
605 1634 891 1678 Athenienses
919 1634 1072 1694 coepit,
1107 1634 1142 1677 si
1164 1635 1260 1694 quis
1286 1633 1425 1695 legem

57 1712 110 1756 de
131 1713 392 1757 vindicanda
419 1713 561 1757 insula
586 1712 770 1757 tulisset.
798 1712 1016 1757 Sollicitus
1043 1714 1176 1774 igitur
1196 1713 1349 1770 Solon,
1374 1731 1428 1757 ne

57 1802 134 1835 aut
157 1793 341 1837 tacendo
364 1809 519 1853 parum
543 1791 793 1852 reipublicae
813 1791 1077 1849 consuleret,
1099 1802 1175 1836 aut
1196 1793 1426 1849 censendo,

57 1871 163 1927 sibi3
186 1872 376 1915 subitam
400 1871 663 1915 dementiam
687 1870 886 1928 simulat,
910 1872 1035 1932 cujus
1064 1873 1190 1915 venia
1217 1889 1304 1916 non
1336 1872 1428 1915 dic-

57 1961 181 1994 turus
200 1951 332 1995 modo
348 1951 594 2012 prohibita,
620 1951 694 1995 sed
709 1961 752 1995 et
769 1950 964 1995 facturus
984 1961 1089 1995 erat.
1114 1951 1334 1995 Deformis
1350 1952 1428 1995 ha-

56 2031 174 2088 bitu,
191 2047 313 2075 more
328 2031 583 2074 vecordium
597 2032 642 2074 in
660 2029 888 2091 publicum
910 2030 1081 2086 evolat;
1104 2031 1306 2091 factoque
1328 2048 1430 2075 con-

57 2128 188 2155 cursu
232 2112 487 2168 hominum,
533 2128 620 2171 quo
663 2113 800 2172 magis
845 2111 1075 2156 consilium
1118 2110 1427 2167 dissimularet,

56 2190 240 2235 insolitis
267 2191 349 2235 sibi
372 2191 569 2235 versibus
593 2191 775 2235 suadere
801 2190 964 2252 populo
987 2193 1135 2251 coepit,
1162 2190 1282 2250 quod
1308 2200 1431 2234 veta—

56 2270 186 2313 batur
209 2287 218 2313 :
243 2271 528 2331 omniumque
553 2272 721 2315 animos
750 2272 811 2315 ita
839 2272 954 2332 cepit
971 2305 982 2327 ,
1012 2281 1062 2314 ut
1088 2269 1309 2330 extemplo
1336 2270 1428 2313 bel-

56 2348 148 2392 lum
170 2349 375 2394 adversus
397 2353 676 2412 Magarenses
707 2351 1017 2395 decerneretur
1033 2385 1045 2407 ,
1077 2349 1304 2410 insulaque
1318 2384 1330 2406 ,
1354 2350 1428 2394 de-

55 2430 181 2473 victis
211 2430 409 2473 hostibus
424 2464 436 2485 ,
458 2431 790 2475 Atheniensium
813 2431 947 2475 fieret.

99 2494 239 2554 'VIIL
278 2512 449 2552 Interea
479 2512 784 2571 Megarenses,
812 2528 1027 2555 memores
1063 2509 1170 2554 illati
1205 2510 1258 2553 ab
1297 2510 1428 2553 Athe-

56 2590 276 2634 niensibus
305 2588 434 2643 belli,
472 2599 514 2632 et
541 2592 696 2644 veriti,
730 2608 782 2634 ne
811 2591 970 2635 frustra
998 2607 1118 2634 arma
1154 2590 1338 2632 movisse
1367 2590 1427 2630 vi-
