1783 3282
286 262 297 282 1
307 249 326 282 3
335 261 352 282 2
874 247 1060 281 JUSTINI

281 331 607 374 matrimonium
637 329 771 373 filiam
790 331 881 389 ejus
909 339 1072 389 petere,
1094 344 1181 387 quo
1205 328 1372 370 facilius
1399 328 1451 370 ab
1480 343 1530 369 eo
1554 342 1652 386 sup-

280 411 547 471 plementum
574 410 768 452 tironum
791 426 843 453 ex
864 407 1123 452 Macedonia
1148 407 1377 450 obtineret.
1402 407 1548 463 Quem
1573 406 1651 449 do-

280 489 370 533 lum
394 491 695 549 praesentiente
723 489 975 547 Antipatro,
1002 486 1106 528 dum
1139 485 1245 528 duas
1276 485 1429 528 eodem
1453 495 1651 546 tempore

280 585 435 612 uxores
460 569 615 628 quaerit
630 603 641 622 ,
665 577 867 610 neutram
889 566 1092 608 obtinuit.
1117 567 1220 607 Post
1238 564 1328 607 haec
1354 564 1519 607 bellum
1539 565 1652 608 inter

280 649 550 708 Antigonum
583 657 623 690 et
653 646 906 689 Perdiccam
935 645 1090 687 oritur.
1120 644 1344 703 Antigono
1374 646 1581 688 Craterus
1611 654 1652 687 et

279 727 509 786 Antipater
539 725 750 769 auxilium
773 725 969 768 ferebant
994 741 1003 766 :
1025 723 1126 783 qui,
1150 723 1263 766 facta
1291 739 1391 765 cum
1412 723 1653 766 Athenien-

280 807 397 849 sibus
420 823 548 866 pace,
576 804 929 865 Polyperchonta
961 805 1141 847 Graeciae
1173 812 1213 846 et
1243 802 1513 846 Macedoniae
1543 819 1652 863 prae-

279 896 460 945 ponunt.
487 885 735 936 Perdiccas,
760 883 954 926 alienatis
971 883 1121 937 rebus,
1148 881 1369 926 Aridaeum
1383 916 1394 935 ,
1411 891 1451 925 et
1473 881 1653 926 Alexan-

278 964 345 1007 dri
359 964 512 1024 Magni
529 962 667 1005 filium
683 963 727 1004 in
739 961 1016 1021 Cappadocia
1027 996 1038 1015 ,
1053 978 1241 1020 quorum
1253 977 1356 1004 cura
1373 960 1435 1003 illi
1448 961 1652 1005 mandata

278 1043 438 1096 fuerat,
465 1041 517 1084 de
554 1058 723 1084 summa
753 1039 855 1083 belli
891 1041 934 1082 in
971 1038 1201 1082 consilium
1235 1039 1423 1082 adhibet.
1460 1041 1652 1097 Quibus-

278 1120 376 1163 dam
406 1119 604 1179 placebat
628 1118 793 1162 bellum
818 1120 863 1161 in
894 1118 1200 1162 Macedoniam
1230 1118 1478 1173 transferri,
1506 1118 1561 1161 ad
1588 1120 1652 1179 ip-

277 1216 374 1242 sum
401 1199 567 1242 fontem
592 1208 635 1241 et
662 1208 794 1258 caput
819 1199 965 1258 regni,
994 1199 1067 1242 ubi
1100 1197 1326 1258 Olympias
1349 1207 1482 1253 esset,
1513 1208 1652 1242 mater

278 1277 541 1333 Alexandri,
558 1295 645 1321 non
667 1278 884 1321 mediocre
904 1287 1174 1321 momentum
1190 1278 1403 1337 partium,
1421 1287 1465 1321 et
1489 1278 1650 1322 civium

278 1358 419 1414 favor,
454 1368 633 1419 propter
666 1358 901 1402 Alexandri
939 1357 1218 1418 Philippique
1249 1359 1463 1400 nomina:
1495 1358 1568 1401 sed
1606 1359 1650 1401 in

278 1455 367 1481 rem
393 1439 533 1481 visum
563 1447 646 1492 est,
671 1438 723 1480 ab
750 1439 936 1498 AEgypto
963 1439 1174 1497 incipere,
1200 1454 1254 1480 ne
1277 1438 1321 1479 in
1345 1438 1650 1482 Macedoniam

278 1517 503 1576 profectiS,
523 1518 623 1560 Asia
647 1533 671 1559 a
698 1515 932 1559 Ptolemaeo
951 1526 1251 1576 occuparetur.
1268 1519 1473 1571 Eumeni,
1494 1528 1652 1578 praeter

279 1596 543 1654 provincias,
575 1612 680 1654 quas
715 1605 960 1654 acceperat,
996 1595 1316 1655 Paphlagonia,
1351 1605 1392 1639 et
1427 1597 1581 1652 Caria,
1608 1606 1651 1640 et

277 1675 428 1733 Lycia,
454 1684 498 1717 et
525 1675 714 1734 Phrygia
737 1674 1016 1733 adjiciuntur.
1046 1675 1111 1718 Ibi
1140 1676 1374 1718 Craterum
1398 1685 1441 1718 et
1463 1676 1649 1735 Antipa-

280 1763 398 1797 trum
418 1755 609 1814 opperiri
633 1755 837 1814 jubetur,
861 1753 1081 1813 adjutores
1108 1756 1146 1797 ei
1177 1755 1335 1797 dantur
1365 1772 1464 1798 cum
1487 1756 1650 1798 exerci-

278 1834 394 1877 tibus
428 1833 561 1876 frater
589 1833 806 1877 Perdiccae
841 1831 1036 1889 Alcetas,
1074 1843 1115 1876 et
1150 1834 1467 1894 Neoptolemus
1494 1852 1501 1877 :
1533 1833 1650 1878 Clito

278 1929 383 1955 cura
400 1911 546 1956 classis
568 1913 755 1955 traditur
777 1930 785 1955 ε
811 1911 966 1956 Cilicia
985 1913 1166 1956 Philotae
1189 1913 1390 1973 adempta
1407 1913 1650 1957 Philoxeno

279 1991 407 2034 datur
435 2008 442 2033 :
473 1993 564 2051 ipse
596 1991 823 2035 Perdiccas
853 1993 1088 2051 [Egyptum
1118 2008 1216 2034 cum
1254 1993 1423 2052 ingenti
1458 1994 1650 2036 exercitu

278 2072 398 2130 petit.
424 2072 492 2114 Sic
516 2071 796 2125 Macedonia,
826 2072 869 2113 in
898 2071 1004 2114 duas
1029 2080 1173 2131 partes
1198 2071 1543 2114 discurrentibus
1570 2072 1650 2116 du-

277 2150 419 2205 cibus,
438 2151 482 2192 in
508 2166 583 2192 sua
606 2151 768 2193 viscera
783 2160 978 2193 armatur
993 2168 1004 2205 3
1020 2150 1271 2209 ferrumque
1292 2151 1346 2193 ab
1368 2150 1515 2193 hostili
1533 2149 1650 2195 bello

278 2229 321 2270 in
349 2228 520 2272 civilem
542 2231 798 2290 sanguinem
824 2232 970 2284 vertit,
997 2229 1195 2289 exemplo
1211 2230 1471 2281 furentium,
1495 2247 1650 2274 manus

276 2324 324 2349 ac
351 2309 546 2351 membra
570 2325 645 2351 sua
673 2310 763 2368 ipsa
789 2325 961 2351 caesura.
1000 2308 1083 2351 Sed
1109 2308 1365 2352 Ptolemaeus
1392 2310 1434 2350 in
1460 2311 1648 2370 AEgypto

277 2386 425 2429 solerti
451 2387 663 2430 industria
685 2403 863 2447 magnas
885 2404 988 2446 opes
1017 2388 1222 2447 parabat:
1239 2389 1401 2448 quippe
1423 2398 1466 2431 et
1486 2390 1648 2449 AEgyp-

278 2466 357 2508 tios
386 2467 545 2525 insigni
578 2466 873 2509 moderatione
903 2468 946 2508 in
979 2466 1169 2510 favorem
1205 2469 1269 2510 sui
1303 2467 1645 2511 sollicitaverat:

276 2553 317 2586 et
341 2561 460 2604 reges
478 2544 685 2587 finitimos
702 2545 925 2588 beneficiis
940 2547 1245 2606 obsequiisque
1267 2547 1545 2590 devinxerat:
1562 2557 1649 2590 ter-

279 2624 416 2666 minos
441 2639 614 2682 quoque
647 2624 839 2682 imperii,
874 2626 1081 2684 acquisita
1115 2629 1283 2685 Cyrene
1312 2627 1442 2679 urbe,
1465 2625 1648 2685 amplia-
