1783 3282
460 265 804 301 HISTORIARUM
831 267 918 300 LlB.
949 270 994 302 11.
1368 273 1386 306 ’ὲ
1396 273 1413 306 Γ»

44 351 157 394 Nam
171 351 311 392 victus
336 349 614 403 Mardonius,
644 347 777 391 veluti
805 365 855 391 ex
882 349 1125 409 naufragio,
1143 369 1239 395 cum
1266 358 1413 414 paucis

45 428 248 487 profugit.
270 429 423 471 Castra
440 428 596 470 referta
617 426 771 487 regalis
792 426 1024 486 opulentiae
1036 439 1174 487 capta.
1188 433 1314 475 Unde
1330 437 1414 493 pri-

44 523 163 549 mum
191 508 393 561 Graecos,
424 506 561 549 diviso
592 508 704 550 inter
743 523 786 549 se
813 523 919 549 auro
945 507 1131 566 persico,
1163 508 1409 555 divitiarum

42 587 212 630 luxuria
241 588 367 646 cepit.
395 587 560 630 Eodem
587 586 696 629 forte
719 586 811 641 die,
836 602 922 644 quo
945 585 1164 630 Mardonii
1187 590 1319 647 copiae
1343 592 1413 634 (le-

48 665 139 709 letae
157 676 274 720 sunt,
288 667 418 708 etiam
442 665 581 708 navali
599 664 751 724 proelio
768 666 809 706 in
830 667 931 707 Asia
954 665 1033 707 sub
1058 676 1206 709 monte
1220 668 1409 726 Mycale,

39 744 246 788 adversus
272 746 421 787 Persas
450 744 703 786 dimicatum
727 753 804 785 est.
827 744 891 786 Ibi
916 753 1016 786 ante
1041 747 1408 805 congressionem,

37 840 172 882 quum
189 823 343 866 classes
361 840 412 866 ex
427 822 607 866 adverso
631 831 799 865 starent
812 856 822 876 ,
840 823 953 865 fama
969 822 1023 866 ad
1039 833 1274 884 utrumque
1292 843 1410 870 exer-

38 904 173 946 citum
197 903 341 958 venit,
377 903 530 945 vicisse
559 903 763 957 Graecos,
800 912 840 944 et
870 902 1090 945 Mardonii
1124 906 1270 963 copias
1296 909 1410 950 occi-

36 982 159 1025 disse.
188 984 373 1025 Tantam
398 981 520 1024 famae
543 980 819 1024 velocitatem
843 982 993 1035 fuisse,
1016 992 1084 1038 ut,
1110 1000 1246 1042 quum
1270 996 1410 1030 matu·-

35 1063 127 1104 tino
151 1071 347 1121 tempore
375 1060 576 1120 proelium
604 1062 647 1102 in
684 1062 847 1103 Boeotia
878 1062 1159 1105 commissum
1184 1064 1256 1120 sit,
1282 1067 1409 1108 meri—

34 1140 174 1183 dianis
201 1141 318 1183 horis
347 1142 390 1182 in
421 1141 565 1183 Asiam
584 1174 594 1194 ,
619 1157 695 1198 per
715 1149 775 1181 tot
800 1141 934 1182 maria
950 1174 960 1194 ,
986 1150 1028 1182 et
1054 1150 1223 1184 tantum
1252 1145 1405 1203 spatii,

34 1230 120 1262 tam
145 1220 266 1262 brevi
290 1219 498 1262 horarum
522 1228 764 1274 momento,
789 1218 840 1260 de
859 1219 1043 1261 victoria
1066 1222 1315 1264 nuntiatum
1337 1225 1405 1266 sit.

33 1298 246 1341 Confecto
276 1296 417 1351 bello,
442 1313 576 1356 quum
612 1297 663 1339 de
691 1297 878 1356 praemiis
913 1285 1143 1340 civitatum
1177 1311 1404 1360 ageretur,

29 1378 223 1420 omnium
253 1375 446 1436 judicio,
483 1376 814 1420 Atheniensium
850 1378 988 1419 virtus
1027 1378 1181 1421 ceteris
1215 1379 1402 1438 praelata.

29 1458 151 1500 Inter
184 1456 315 1499 duces
350 1473 524 1516 quoque
559 1455 901 1510 Themistocles,
939 1457 1140 1516 princeps
1177 1459 1402 1504 civitatum

28 1536 277 1580 testimonio
296 1535 536 1595 judicatus,
559 1534 741 1596 gloriam
761 1536 909 1595 patriae
932 1552 1018 1579 suae
1042 1538 1174 1579 auxit.

90 1616 188 1658 XV.
207 1616 349 1675 Igitur
364 1615 648 1659 Athenienses
664 1615 799 1670 aucti,
817 1624 859 1657 et
875 1617 1062 1674 praemiis
1087 1614 1192 1660 belli
1210 1650 1220 1671 ,
1246 1627 1289 1659 et
1312 1617 1402 1677 glo-

27 1694 108 1748 ria,
135 1693 289 1736 urbem
308 1709 360 1737 ex
381 1694 552 1754 integro
576 1693 763 1737 condere
785 1693 1039 1737 moliuntur.
1067 1695 1217 1751 Quum
1241 1699 1399 1741 moenia

30 1773 195 1833 majora
222 1771 437 1833 complexi
467 1773 675 1828 fuissent,
708 1774 896 1832 suspecti
936 1790 1026 1816 esse
1059 1774 1398 1820 Lacedaemoniis

30 1868 197 1912 coepere
212 1886 223 1908 ,
246 1861 365 1895 recte
390 1851 721 1912 reputantibus,
747 1852 905 1911 quibus
933 1853 1060 1896 ruina
1082 1853 1203 1896 urbis
1227 1863 1395 1898 tantum

26 1932 285 1974 incrementi
307 1930 513 1988 dedisset,
536 1941 748 1991 quantum
777 1933 833 1975 sit
859 1931 1013 1975 datura
1035 1933 1203 1975 munita
1231 1934 1394 1978 civitas.

25 2011 212 2054 Mittunt
246 2027 350 2071 ergo
387 2009 569 2071 legatos,
608 2012 681 2070 qui
715 2021 962 2067 monerent,
988 2013 1096 2056 «Ne
1126 2013 1397 2056 munimenta

22 2091 249 2147 hostibus,
282 2101 325 2134 et
352 2090 626 2152 receptacula
658 2090 794 2134 futuri
830 2090 932 2134 belii
969 2101 1248 2136 exstruant.»
1282 2093 1396 2135 The-

23 2168 261 2226 mistocles,
290 2181 339 2213 ut
377 2170 486 2214 vidit
516 2172 605 2230 spei
642 2171 763 2214 urbis
792 2170 996 2226 invideri,
1025 2187 1113 2213 non
1143 2171 1394 2215 existimans

22 2249 205 2308 abrupte
235 2250 472 2310 agendum,
508 2250 733 2310 respondit
767 2249 941 2310 legatis,
975 2269 994 2290 «
1018 2253 1161 2293 Ituros
1195 2250 1396 2294 Lacedae-

21 2345 168 2384 mona,
195 2330 268 2388 qui
292 2329 343 2372 de
367 2347 415 2373 ea
438 2347 484 2372 re
509 2331 671 2390 pariter
695 2346 794 2373 cum
821 2329 905 2373 illis
929 2329 1210 2374 consulant.»
1234 2331 1304 2373 Sic
1327 2330 1392 2373 di-

22 2409 162 2452 missis
191 2409 440 2468 Spartanis,
464 2410 665 2453 hortatur
696 2426 794 2453 suos
833 2426 941 2471 opus
969 2420 1202 2453 maturent.
1229 2429 1249 2449 ))
1278 2410 1390 2452 Dein

22 2489 131 2547 ipse,
154 2488 383 2547 interjecto
406 2498 620 2548 tempore,
647 2490 690 2532 in
719 2487 980 2550 legationem
1001 2489 1323 2549 proficiscitur3
1350 2498 1392 2531 et

22 2583 137 2610 nunc
152 2567 195 2610 in
210 2567 364 2610 itinere
387 2567 638 2611 infirmitate
662 2569 881 2624 simulata,
898 2586 1013 2612 nunc
1036 2568 1286 2612 tarditatem
1306 2567 1393 2611 col-

22 2645 217 2707 legarum
232 2663 461 2702 accusans,
476 2648 566 2690 sine
589 2648 746 2706 quibus
769 2649 836 2707 agi
855 2649 953 2706 jure
969 2647 1074 2690 nihil
1100 2649 1259 2707 possit,
1277 2647 1388 2691 diem

1141 2726 1162 2746 9

1140 2751 1179 2769 d.
