1783 3282
327 280 372 316 43,
916 268 1103 304 JUSTINI

326 355 614 408 transferunt,
644 369 719 406 ne,
753 351 1052 395 deficientibus
1086 367 1109 392 a
1137 349 1219 392 fide
1247 348 1462 390 societatis
1496 346 1697 390 Lacedae-

326 434 509 487 moniis,
541 431 695 492 praedae
719 447 768 474 ac
802 431 965 490 rapinae
991 438 1114 472 esset.
1153 427 1235 471 Sed
1272 443 1351 469 nec
1379 425 1696 469 Lacedaemonii

326 512 527 571 quievere
545 527 554 553 :
574 511 648 570 qui
665 544 675 564 ,
694 525 829 569 quum
851 507 1166 551 Messeniorum
1191 505 1306 548 bello
1321 505 1518 564 occupati
1538 512 1698 555 essent,

324 589 675 650 Peloponnenses
704 588 942 641 immisere,
977 586 1051 645 qui
1079 583 1243 628 bellum
1273 583 1610 628 Atheniensibus
1642 581 1700 624 fa-

325 678 485 712 cerent.
511 669 660 711 Parvae
685 676 788 709 tunc
811 664 1019 724 temporis
1035 697 1046 718 ,
1070 662 1202 706 classe
1221 663 1265 705 in
1290 664 1524 722 AEgyptum
1550 661 1698 714 missa,

325 748 438 791 vires
461 745 796 792 Atheniensibus
817 753 953 788 erant.
974 746 1127 803 Itaque
1151 741 1292 785 navali
1314 739 1468 801 proelio
1491 739 1701 782 dimican-

327 837 388 869 tes
426 825 550 869 facile
585 833 862 885 superantur.
899 824 1135 882 Interjecto
1174 820 1331 864 deinde
1358 830 1578 878 tempore,
1604 828 1700 878 post

327 904 516 948 reditum
537 920 715 947 suorum
739 903 854 946 aucti
879 912 921 945 et
942 901 1085 944 classis
1114 911 1158 943 et
1181 898 1370 942 militum
1394 898 1571 951 robore,
1590 913 1701 957 proe-

328 985 430 1028 lium
467 1000 736 1044 reparavere.
771 986 865 1026 Jam
899 992 940 1025 et
970 980 1311 1035 Lacedaemonii,
1341 980 1507 1022 omissis
1537 980 1701 1021 Messe—

328 1064 435 1118 niis,
473 1062 677 1106 adversus
712 1062 998 1105 Athenienses
1035 1075 1156 1102 arma
1189 1067 1423 1101 verterant.
1454 1059 1543 1101 Diu
1582 1058 1701 1100 varia

326 1143 509 1185 victoria
538 1142 620 1184 fuit
653 1158 661 1183 t
687 1141 741 1183 ad
765 1149 1037 1200 postremum
1065 1155 1187 1197 aequo
1216 1147 1354 1180 marte
1384 1138 1591 1197 utrinque
1619 1137 1703 1180 dis-

326 1237 507 1264 cessum.
527 1220 634 1263 Inde
650 1220 839 1263 revocati
854 1217 1173 1262 Lacedaemonii
1197 1217 1251 1260 ad
1274 1218 1592 1260 Messeniorum
1616 1216 1703 1260 bel-

327 1298 441 1353 lum,
470 1316 524 1342 ne
556 1298 749 1342 medium
780 1308 950 1358 tempus
982 1298 1169 1340 otiosum
1206 1296 1548 1340 Atheniensibus
1574 1295 1703 1339 relin-

327 1388 530 1438 querent,
553 1395 653 1421 cum
684 1378 902 1421 Thebanis
931 1378 1228 1436 paciscuntur,
1253 1385 1299 1418 ut
1327 1376 1592 1418 Boeotiorum
1624 1377 1703 1418 im·-

328 1458 498 1517 perium
531 1457 597 1500 his
630 1458 928 1510 restituerent,
960 1455 1077 1515 quod
1106 1455 1375 1514 temporibus
1412 1456 1565 1514 persici
1599 1454 1701 1498 belli

328 1537 560 1579 amiserant
573 1569 583 1589 ,
599 1545 645 1579 ut
664 1535 723 1578 illi
743 1536 1076 1580 Atheniensium
1098 1534 1211 1578 bella
1239 1535 1519 1594 susciperent.
1534 1537 1700 1578 Tantus

328 1615 450 1658 furor
473 1617 789 1674 Spartanorum
805 1625 914 1668 erat,
940 1625 1006 1667 ut,
1031 1614 1200 1657 duobus
1218 1613 1342 1656 bellis
1367 1613 1586 1673 impliciti,
1611 1632 1703 1657 sus-

328 1695 471 1753 cipere
500 1695 676 1736 tertium
703 1711 790 1736 non
820 1704 1092 1746 recusarent,
1128 1692 1366 1736 dummodo
1396 1694 1583 1737 inimicis
1615 1695 1702 1737 suis

327 1772 470 1816 hostes
495 1774 784 1832 acquirerent.
807 1774 946 1833 Igitur
971 1773 1276 1827 Athenienses,
1302 1772 1507 1815 adversus
1534 1782 1698 1816 tantam

329 1861 631 1912 tempestatem
657 1851 759 1895 belli
787 1852 893 1895 duos
921 1852 1052 1895 duces
1089 1852 1313 1912 deligunt,
1342 1852 1552 1896 Periclem
1579 1869 1700 1912 spec-

329 1941 425 1974 tatae
447 1932 621 1974 virtutis
647 1933 810 1985 virum,
836 1942 878 1975 et
900 1931 1160 1992 Sophoclem
1189 1933 1447 1991 scriptorem
1474 1932 1701 1993 tragoedia-

329 2027 450 2053 rum:
475 2011 571 2070 qui,
595 2011 733 2054 diviso
756 2012 967 2066 exercitu,
993 2021 1035 2054 et
1064 2012 1379 2070 Spartanorum
1407 2028 1532 2071 agros
1563 2022 1702 2055 vasta-

327 2099 505 2145 verunt,
530 2099 571 2133 et
598 2089 756 2133 multas
781 2090 953 2134 Achaiae
981 2091 1175 2133 civitates
1201 2090 1533 2133 Atheniensium
1567 2092 1703 2151 impc-

328 2170 393 2212 rio
417 2169 681 2229 adjecerunt.

390 2249 487 2291 VII.
513 2249 590 2291 His
608 2247 731 2291 malis
747 2248 870 2291 fracti
889 2249 1224 2303 Lacedaemonii,
1250 2251 1292 2292 in
1312 2266 1448 2293 annos
1471 2267 1561 2293 xxx
1581 2251 1701 2310 pepi-

327 2336 484 2386 gerunt
499 2344 648 2386 pacem
662 2327 754 2370 :sed
769 2337 856 2370 tam
875 2327 1055 2388 longum
1073 2329 1211 2371 otium
1233 2329 1470 2372 inimicitiae
1486 2346 1574 2372 non
1590 2329 1699 2372 tulf·-

326 2416 441 2449 runt.
461 2409 613 2466 Itaque
632 2408 785 2466 quinto
801 2407 969 2449 decimo
984 2424 1120 2462 anno,
1142 2417 1271 2467 rupto
1287 2407 1467 2462 foedere,
1482 2425 1582 2451 cum
1597 2425 1699 2452 con«

326 2494 490 2545 temptu
520 2485 701 2528 deorum
727 2485 1063 2545 hominumque,
1096 2486 1198 2529 fines
1229 2487 1382 2530 atticos
1410 2486 1696 2547 populantur;

325 2574 366 2607 et
389 2581 442 2607 ne
465 2564 655 2624 praedam
672 2566 839 2624 potum,
857 2582 987 2624 quam
1006 2582 1200 2625 pugnam
1216 2600 1227 2619 ,
1253 2567 1478 2626 expetiisse
1502 2566 1697 2610 videren-

326 2653 413 2699 tur,
437 2643 582 2687 hostes
600 2643 653 2687 ad
667 2642 867 2703 proelium
888 2654 1143 2704 provocant.
1166 2646 1248 2689 Sed
1274 2646 1574 2701 Athenienses,
1592 2663 1695 2689 con-
