1783 3282
520 251 867 286 HISTORIARUM
897 254 982 286 LlB.
1008 254 1071 287 VI.
1432 252 1480 299 69

115 336 221 379 adeo
242 351 400 395 parcus
418 334 520 391 fuit,
541 344 591 377 ut
613 344 811 394 sumptus
826 333 967 376 funeri
981 335 1178 377 defuerit.
1197 335 1357 379 Gloriae
1377 352 1481 395 quo—

114 430 198 473 que
221 430 308 456 non
330 413 552 473 cupidior,
578 429 708 472 quam
734 412 927 472 pecuniae
945 429 953 455 :
971 413 1132 471 quippe
1155 415 1371 457 recusanti
1394 431 1482 457 om·

116 493 186 535 nia
210 492 390 551 imperia
409 492 575 552 ingesta
598 501 726 546 sunt3
745 492 1019 550 honoresque
1043 492 1102 533 ita
1126 492 1275 550 gessit,
1295 503 1344 536 ut
1361 510 1483 536 orna-

115 581 313 614 mentum
338 587 424 614 non
448 572 665 630 accipere,
690 570 764 614 sed
787 570 889 614 dare
912 570 993 630 ipsi
1024 569 1226 629 dignitati
1249 571 1480 614 videretur.

115 651 138 692 J
141 665 210 692 am
227 649 471 693 litterarum
492 649 705 704 studium,
721 651 810 709 jam
828 648 1111 709 philosophiae
1126 647 1325 691 doctrina
1345 658 1482 705 tanta,

118 738 168 770 ut
189 727 387 771 mirabile
410 727 650 783 videretur,
677 728 793 770 unde
811 737 899 770 tam
923 727 1103 787 insignis
1122 725 1287 769 militiae
1309 727 1485 770 scientia

116 807 283 849 homini
305 807 417 848 inter
439 805 602 848 litteras
627 815 742 848 nato.
773 807 928 864 Neque
959 805 1011 848 ab
1034 805 1118 848 hoc
1141 805 1238 847 vitae
1264 806 1486 864 proposito

118 886 270 928 mortis
308 885 418 927 ratio
447 883 678 927 dissensit:
709 901 809 927 nam
840 894 890 927 ut
919 883 1081 927 relatus
1114 884 1156 926 in
1198 893 1337 927 castra
1364 885 1488 926 serni-

117 964 291 1019 animis,
325 979 475 1006 vocem
499 962 788 1023 spiritumque
815 962 1008 1023 collegit,
1033 962 1076 1005 id
1100 979 1238 1005 unum
1262 979 1285 1005 a
1310 963 1489 1005 circum-

119 1042 332 1086 stantibus
347 1042 590 1101 requisivit,
608 1043 754 1086 «Num
771 1041 942 1085 cadenti
963 1041 1043 1084 sibi
1067 1051 1239 1085 scutum
1261 1041 1489 1085 ademisset

119 1122 254 1164 hostis
272 1120 289 1164 ‚3
308 1139 327 1161 »
353 1120 486 1176 Quod
516 1130 564 1164 ut
596 1131 813 1164 servatum
847 1120 1034 1176 audivit,
1064 1120 1263 1176 allatum,
1290 1120 1409 1163 velut
1437 1119 1491 1163 la-

120 1202 277 1244 borum
303 1200 534 1261 gloria-:que
555 1200 719 1243 socium
743 1199 963 1243 osculatus
986 1209 1062 1242 est.
1088 1203 1253 1242 Iterum
1277 1200 1489 1257 quaesivit,

121 1281 261 1324 «Utri
292 1278 556 1323 vicissentP»
584 1281 647 1322 Ut
675 1278 841 1321 audivit
869 1278 1120 1333 Thebanos,
1144 1297 1164 1318 <t
1188 1280 1303 1320 Bene
1332 1278 1491 1320 habere

122 1375 165 1402 se
188 1375 278 1401 rem
294 1392 305 1414 ,
322 1377 341 1397 »
367 1357 475 1400 dixit
501 1373 510 1399 :
534 1367 663 1417 atque
692 1358 770 1414 ita,
798 1356 917 1400 velut
945 1356 1292 1418 gratulabundus
1318 1356 1491 1415 patriae,

121 1439 368 1498 exspiravit.

185 1520 262 1561 IX.
296 1518 438 1577 Hujus
476 1527 617 1561 morte
652 1519 782 1561 etiam
820 1518 1152 1561 Atheniensium
1193 1517 1330 1558 virtus
1366 1516 1495 1557 inter-

123 1596 239 1639 cidit.
275 1596 498 1656 Siquidem
538 1597 715 1652 amisso,
750 1597 819 1639 cui
851 1595 1045 1639 aemulari
1082 1604 1417 1647 consueverant,
1450 1595 1492 1636 in

124 1676 351 1736 segnitiam
381 1685 689 1735 torporemque
718 1674 923 1730 resoluti,
953 1692 1059 1731 non,
1088 1684 1137 1717 ut
1163 1673 1292 1729 olim,
1323 1674 1366 1716 in
1395 1671 1497 1715 clas-

124 1771 212 1798 sem
237 1755 561 1813 exercitusque,
583 1753 657 1797 sed
683 1754 726 1796 iu
750 1753 839 1797 dies
864 1753 994 1797 festos
1025 1763 1347 1813 apparatusque
1374 1751 1497 1794 ludo-

126 1850 224 1876 rum
247 1833 413 1876 reditus
439 1832 636 1892 publicos
656 1832 910 1886 effundunt3
939 1842 982 1875 et
1009 1849 1108 1875 cum
1132 1832 1353 1875 actoribus
1378 1831 1498 1873 nobi-

124 1911 295 1955 lissimis
319 1912 543 1971 poetisque
565 1911 733 1954 theatra
749 1910 991 1967 celebrant,
1008 1910 1279 1970 frequentius
1303 1926 1495 1963 scenam,

123 2008 254 2052 quam
282 2001 424 2035 castra
446 1992 653 2043 visentes3
685 1991 1085 2050 versificatoresque
1113 1989 1312 2033 meliores
1331 2024 1342 2045 ,
1367 2006 1496 2048 quam

125 2071 257 2114 duces
282 2070 521 2114 laudantes.
547 2072 671 2114 Tunc
696 2069 879 2130 vectigal
906 2068 1154 2129 publicum,
1174 2085 1260 2128 quo
1279 2067 1438 2111 milites
1456 2078 1498 2110 et

125 2152 308 2211 remiges
334 2149 584 2206 alebantur,
609 2166 709 2193 cum
735 2149 904 2192 urbano
933 2148 1098 2209 populo
1124 2147 1258 2191 dividi
1292 2157 1495 2207 coeptum.

125 2230 297 2286 Quibus
320 2230 450 2273 rebus
473 2229 682 2273 effectum
705 2239 790 2285 est,
820 2238 869 2272 ut
890 2229 1004 2271 inter
1027 2228 1114 2271 otia
1137 2229 1393 2271 Graeeorum
1416 2243 1500 2270 sor-

128 2309 277 2352 didum
309 2320 352 2352 et
381 2311 618 2354 obscurum
645 2319 773 2352 antea
795 2308 1090 2352 Macedonum
1120 2324 1276 2350 nomen
1313 2323 1500 2366 emerge-

128 2398 218 2441 ret,
243 2397 285 2430 et
308 2388 554 2448 Philippus,
581 2389 706 2432 obses
730 2389 918 2431 triennio
935 2388 1095 2431 Thebis
1119 2386 1311 2441 habitus,
1331 2386 1501 2445 Epami-

128 2467 280 2510 nondae
312 2477 355 2509 et
381 2466 597 2526 Pelopidae
625 2469 863 2510 virtutibus
892 2467 1106 2522 eruditus,
1142 2481 1326 2526 regnum
1361 2466 1501 2508 Mace-

129 2547 288 2601 (loniae,
317 2547 496 2590 Graeciae
531 2556 571 2589 et
602 2548 710 2589 Asiae
745 2547 1006 2600 cervicibus,
1037 2545 1155 2589 velut
1187 2546 1339 2605 jugum
1378 2542 1500 2587 servi-

131 2627 253 2680 tutis,
279 2627 533 2685 imponeret.
