1783 3282
655 268 847 303 mssaum
877 271 955 304 xv.
1435 291 1453 313 2
1466 291 1474 312 ,
1487 292 1504 323 7

183 354 344 389 Archon.
376 354 586 398 Diodorus,
612 366 738 398 xv111,
764 353 802 397 3,
827 352 948 404 Ᾰρχων,
978 355 1023 388 In
1046 357 1131 391 edit.
1165 359 1345 407 Thysiana
1373 362 1506 409 legitur

129 415 295 450 Archos:
316 422 513 462 utrumque
535 427 652 462 graece
675 427 814 450 nomen
833 421 887 450 est
905 415 1099 462 proprium
1123 418 1395 469 dignitatisque.
1421 425 1505 472 Ety-

127 488 217 511 mon
240 476 353 522 igitur
375 476 681 524 orthographiam
699 477 738 511 in
759 476 885 511 medio
903 476 1090 524 relinquit.

179 535 444 582 Proefecturas.
464 537 628 581 Persice,
642 538 701 572 vel
721 538 845 584 potius
859 538 1173 586 Graeco-persice,
1191 545 1396 588 satrapias,
1413 545 1504 580 sicut

128 597 270 633 Latinis
284 599 474 644 praefectus
486 625 496 642 ,
515 598 671 634 Persicis
696 598 832 633 dicitur
855 605 1044 650 Σατραπής,
1062 613 1083 634 a
1102 611 1221 647 gTaeco
1239 613 1304 648 'CO-3
1326 603 1362 637 in
1382 617 1502 653 comp.

125 659 251 704 valde,
272 667 308 695 et
332 663 420 711 ὃράω
434 693 442 706 ‚
464 660 642 704 famulor,
659 660 831 695 ministro
843 687 852 704 ‚
870 660 990 707 fugio,
1003 661 1104 696 unde
1127 668 1162 696 et
1180 663 1346 708 Drapes,
1367 678 1503 702 nomen

125 722 316 757 Senonum
340 721 519 768 principis
558 721 659 768 apud
688 722 833 765 Gallos,
869 724 1035 772 ὃραστήρ,
1057 722 1239 766 minister,
1271 723 1443 769 famulus,
1470 736 1504 762 et

125 785 304 831 ὃραπετης,
329 795 456 817 servus
486 782 674 829 fugitivus.
706 782 886 829 Satrapes
914 783 1027 829 igitur
1051 784 1219 819 minister
1250 797 1312 819 seu
1347 786 1503 823 famulus

124 844 236 891 Regis
269 856 416 890 regum,
439 842 622 891 significat
652 843 784 890 gallice
815 844 849 876 le
879 843 948 877 bon
980 846 1090 878 valet.
1119 844 1178 879 Sic
1206 853 1242 880 et
1260 846 1359 893 apud
1388 848 1502 883 Indos

124 911 326 955 Μαμῃίτραι,
342 904 467 939 forsan
493 911 683 940 contracte
702 917 772 951 pro
797 911 1056 955 μαμμομοὶτραι,
1075 918 1095 940 a
1117 918 1235 952 graeco
1254 914 1403 958 μάμμος,
1422 922 1500 945 ser—

122 977 206 1010 vus,
219 965 390 1010 famulus,
405 973 441 1001 et
461 972 581 1016 μοίτηρ,
592 973 726 1009 mater,
749 966 850 1000 Servi
859 966 996 1000 Matris
1009 968 1128 1000 Deam
1137 980 1150 1009 ,·
1164 967 1256 1002 sicut
1268 970 1393 1016 Baptae
1407 973 1503 1006 servi

122 1027 199 1062 deae.
218 1037 273 1071 τῆς
292 1034 467 1073 Κοτύτους,
481 1035 517 1063 et
536 1028 635 1063 Galli
653 1027 819 1075 Cybelis,
840 1027 903 1074 qui
927 1028 1084 1062 eunuchi
1103 1036 1218 1063 erant.
1239 1030 1336 1065 Hinc
1355 1043 1502 1079 quoque

121 1091 407 1138 Μαμμοθλαὸίαι,
434 1089 481 1124 ab
512 1088 642 1124 eadem
670 1101 762 1123 voce
790 1095 936 1139 μάμμος,
968 1095 1004 1123 et
1028 1092 1163 1133 θλαδίας
1184 1092 1243 1124 vel
1267 1099 1413 1139 θλασίας,
1438 1106 1500 1128 eu-

120 1149 260 1184 nuchus
280 1150 337 1184 cui
354 1157 462 1185 testes
487 1149 630 1184 contusi
654 1157 756 1193 sunt,
775 1162 794 1184 a
813 1156 917 1196 θλάω,
940 1149 1091 1197 frango,
1110 1151 1231 1195 elido,
1251 1152 1341 1187 sicut
1366 1158 1501 1201 ολιὲίας,

119 1210 257 1256 spado,
277 1211 334 1245 cui
352 1218 461 1246 testes
484 1211 584 1255 elisi,
601 1223 621 1246 a
641 1215 736 1249 θλίὲω
749 1243 756 1257 ,
783 1223 925 1257 premo.
948 1213 991 1246 In
1011 1212 1150 1259 Digest.
1179 1213 1349 1248 lelasioe
1371 1216 1501 1250 dicun—

118 1276 178 1304 tur
197 1271 224 1305 ii
253 1271 388 1318 quibus
411 1272 546 1307 exsecti
568 1278 651 1306 sunt
677 1278 804 1315 testes;
828 1273 861 1306 T
857 1271 986 1307 lzlibioe
992 1299 1005 1315 ,
1026 1273 1162 1319 quibus
1183 1274 1299 1309 attriti
1318 1284 1411 1310 sunt.
1427 1278 1498 1312 Mi.-

117 1331 223 1370 nistri
244 1332 355 1380 igitur
375 1345 504 1381 regum
522 1333 685 1368 Orientis
709 1339 814 1368 erant
832 1333 930 1368 servi
957 1340 992 1368 et
1018 1334 1187 1369 eunuchi.

170 1394 254 1429 Cn.
273 1396 319 1430 V.
347 1395 517 1430 Mercatu
545 1395 777 1442 olympiaco.
804 1395 851 1430 Id
875 1402 929 1430 est
952 1395 1049 1430 ludis
1066 1396 1314 1444 OlympIaciS,
1332 1400 1392 1433 vel
1419 1412 1498 1435 cer*

116 1457 253 1492 tamine
280 1457 502 1505 Olympico,
527 1464 567 1492 ut
593 1469 673 1501 x11,
705 1456 761 1492 16.
792 1457 852 1492 Sic
879 1457 979 1492 enim
1007 1457 1118 1493 etiam
1145 1458 1372 1506 Pythagoras
1399 1462 1496 1508 apud

115 1517 354 1563 Ciceronem,
397 1519 558 1562 TuscuL,
592 1531 615 1552 v
628 1545 638 1563 ,
673 1517 712 1562 3,
747 1526 938 1566 nuncupat
967 1532 974 1553 ε
1005 1535 1019 1550 α
1048 1520 1255 1555 Μενεατιιηι
1291 1533 1395 1566 eum,
1434 1524 1496 1569 qui

114 1581 272 1615 habetur
281 1580 445 1615 maximo
457 1580 632 1615 ludorum
649 1587 829 1627 apparatu
840 1608 848 1624 ,
863 1581 976 1615 totius
990 1582 1140 1616 Graeciae
1151 1582 1366 1618 celebritate
1383 1596 1390 1617 :
1410 1597 1496 1619 nam

114 1648 153 1675 ut
174 1641 251 1676 illic
278 1641 342 1677 alii
363 1641 584 1688 corporibus
612 1641 821 1676 exercitatis
847 1641 1006 1689 gloriam
1031 1648 1067 1677 et
1092 1642 1329 1678 nobilitatem
1349 1656 1496 1680 coronae

115 1709 270 1749 petunt,
295 1703 359 1738 alii
386 1703 534 1737 emendi
558 1710 620 1737 aut
647 1702 838 1738 vendendi
866 1710 1005 1750 quaestu
1029 1710 1091 1737 aut
1115 1704 1220 1739 lucro
1246 1704 1471 1741 ducuntur.»

165 1763 248 1798 CAp.
268 1765 354 1798 VII.
375 1765 515 1798 Battos.
535 1765 623 1798 Mss.
645 1765 785 1798 Βασίας·
803 1765 898 1799 male
917 1777 987 1811 pro
1009 1766 1145 1800 Battos
1159 1780 1169 1800 .·
1191 1779 1279 1801 nam
1306 1773 1341 1801 et
1360 1768 1492 1803 Graecis

112 1825 326 1860 auctoribus
343 1826 570 1872 Cyrenarum
593 1825 661 1860 iste
681 1825 856 1860 conditor
869 1833 991 1870 Βάττος
1004 1827 1146 1863 dicitur.
1158 1828 1332 1873 Ovidius,
1342 1830 1379 1863 in
1389 1831 1491 1873 Ibin,

111 1887 279 1921 Bloesum
302 1886 568 1933 interpretatur
592 1900 598 1920 :

296 1963 452 1995 Conditor
468 1970 500 1995 ut
522 1964 610 1995 tarde
628 1963 752 1995 Blaesus
772 1966 958 2007 cognomine
974 1967 1112 2009 Cyrrhae.

110 2042 227 2076 Voces
257 2047 459 2092 βατταρίζω,
490 2042 682 2086 balbutiO,
709 2051 930 2094 Barrokwsiz,
957 2045 1078 2080 inanis
1104 2046 1319 2081 eorumdem
1347 2048 1487 2095 repeti—

108 2102 178 2146 tio,
207 2114 226 2136 a
254 2106 371 2148 βάττος
395 2102 591 2146 derivatae,
617 2103 713 2137 hanc
738 2104 1086 2152 interpretationem
1112 2108 1372 2143 corroborant.

163 2163 350 2210 Cyrenem.
379 2165 527 2198 Nomen
563 2164 663 2199 urbis
689 2178 767 2199 non
795 2166 843 2200 ab
872 2168 1039 2211 oraculo,
1071 2169 1136 2203 sed
1164 2182 1184 2203 a
1214 2176 1343 2203 monte
1374 2170 1487 2214 Cym,

107 2232 168 2259 aut
182 2238 200 2258 a
224 2224 350 2259 fabula
372 2225 452 2272 ipsa
478 2225 662 2272 originem
680 2226 821 2261 habuit.
842 2226 938 2273 Cym
958 2235 1080 2263 autem
1103 2242 1122 2263 a
1147 2236 1252 2280 Κύρη,
1271 2231 1401 2275 Ceres,
1419 2244 1488 2278 pro

106 2293 212 2336 κυρίη,
238 2286 408 2331 domina,
434 2287 494 2322 vel
518 2294 558 2321 ut
584 2287 673 2321 urbs
704 2287 852 2330 Cirrha,
880 2301 899 2323 a
929 2295 1042 2339 χιῤῥός,
1062 2289 1197 2334 fulvus,
1217 2291 1356 2338 gilvus,
1379 2291 1487 2326 flam-

105 2361 217 2383 meus.
244 2348 355 2383 Unde
382 2349 507 2383 forsan
537 2348 687 2383 Cirrhus
711 2362 781 2396 pro
811 2350 940 2384 Cirnus
966 2352 1024 2386 vel
1055 2352 1192 2387 Grinus
1214 2354 1483 2400 reponendum.

570 2457 630 2491 IN
671 2457 899 2492 LIBRUM
933 2459 1019 2493 XV.

157 2557 238 2590 CAP.
261 2557 307 2590 II.
330 2556 540 2590 Abderitas.
562 2557 635 2590 Pro
662 2555 883 2599 Abderitas,
904 2558 967 2604 qui
987 2565 1092 2593 erant
1115 2560 1279 2594 Thraciae
1305 2562 1482 2607 populus,

103 2616 376 2652 Freinshemius
401 2615 563 2652 correxit
589 2617 806 2650 Autariatae
837 2618 994 2665 Illyrici,
1033 2632 1079 2653 ex
1106 2620 1295 2663 Diodoro,
1323 2634 1386 2664 xx,
1421 2635 1482 2669 19,

103 2686 138 2713 ct
166 2679 316 2722 Athen,
343 2691 441 2723 vm,
470 2691 509 2721 2,
539 2690 696 2725 quorum
724 2678 848 2713 sedem
874 2679 912 2713 in
939 2680 1135 2715 Dardaniae
1164 2689 1197 2715 ct
1228 2682 1378 2715 Paeoniao
1394 2682 1481 2717 fini-
