1783 3282
507 260 852 295 HISTORIARUM
881 263 970 295 LIB.
999 263 1025 295 Ῐ.
1429 279 1450 311 9

80 362 179 390 rum
204 344 338 388 velint
362 343 568 402 refugere.
590 363 609 383 n
635 345 727 386 Hac
751 345 934 402 repressi
954 345 1257 404 castigatione,
1277 347 1318 389 in
1345 364 1452 408 proe-

79 424 185 468 lium
215 423 401 467 redeunt
426 439 435 464 :
460 432 502 465 et
528 421 640 464 facta
668 423 971 482 impressione,
996 437 1101 481 quos
1128 422 1368 482 fugiebant,
1394 427 1453 470 fu-

78 519 177 563 gere
199 500 481 561 compellunt.
508 503 560 543 In
585 518 635 544 eo
659 501 811 562 proelio
831 503 1041 561 Astyages
1060 501 1230 560 capitur
1251 519 1259 544 z
1285 506 1353 546 cui
1374 507 1453 564 Cy-

79 598 150 625 rus
184 579 293 624 nihil
327 579 445 623 aliud
472 597 603 640 quam
636 597 820 642 regnum
850 578 1053 634 abstulit3
1085 590 1375 640 nepotemque
1409 585 1452 627 in

78 659 154 704 illo
183 661 339 721 magis,
362 676 492 719 quam
518 660 727 703 victorem
753 661 840 720 egit
865 678 873 703 ε
904 676 1091 719 eumque
1114 660 1312 703 maximae
1336 664 1450 721 genti

77 742 382 800 Hyrcanorum
406 739 642 798 praeposuit
665 755 673 781 ε
699 755 799 781 nam
823 739 867 781 in
892 738 1046 782 Medos
1071 739 1230 781 reverti
1259 740 1348 799 ipse
1378 757 1454 784 no-

80 818 172 862 luit.
209 819 290 862 Hic
323 817 422 861 finis
449 817 682 861 Medorum
712 819 881 877 imperii
911 817 1005 861 fuit.
1036 821 1348 878 Regnaverunt
1376 836 1452 862 an-

81 914 158 941 nos
188 913 313 942 CCCL.

140 978 239 1021 VH.
262 977 396 1020 Initio
422 978 566 1038 regni,
591 978 730 1037 Cyrus
754 977 973 1020 Soebarem
997 987 1239 1037 coeptorum
1265 980 1454 1033 socium,

78 1072 208 1116 quem
226 1057 351 1116 juxta
375 1066 642 1100 nocturnum
666 1058 808 1100 visum
833 1056 1051 1117 ergastulo
1077 1056 1357 1113 liberaverat,
1383 1076 1453 1102 eo-

77 1136 316 1196 mitemque
340 1137 384 1179 in
407 1136 609 1179 omnibus
632 1136 760 1179 rebus
782 1136 1012 1192 habuerat,
1036 1138 1176 1180 Persis
1200 1140 1455 1199 praeposuit,

79 1231 361 1274 sororemque
394 1231 516 1258 suam
541 1216 578 1257 ei
606 1216 649 1257 in
678 1215 1007 1258 matrimonium
1037 1216 1167 1259 dedit.
1195 1217 1279 1260 Sed
1307 1216 1457 1261 civ'ita-

79 1304 162 1349 tes,
189 1310 284 1353 quae
309 1293 542 1337 Medorum
573 1293 811 1337 tributariae
840 1293 1032 1350 fuerant,
1056 1305 1226 1338 mutato
1252 1296 1456 1355 imperio,

77 1373 207 1416 etiam
237 1372 535 1416 conditionem
571 1389 693 1416 suam
730 1382 942 1416 mutatam
978 1374 1261 1431 arbitrantes,
1289 1392 1314 1418 a
1341 1377 1457 1436 Cyro

77 1451 327 1495 defecerunt
367 1470 376 1495 :
412 1469 506 1512 quae
544 1469 612 1496 res
648 1451 891 1496 multorum
927 1452 1142 1497 bellorum
1179 1456 1295 1515 Cyro
1329 1472 1457 1499 causa

77 1542 120 1575 et
142 1533 264 1593 origo
288 1532 383 1575 fuit.
409 1533 598 1576 Domitis
618 1531 795 1575 demum
824 1531 1062 1592 plerisque,
1087 1550 1221 1593 quum
1250 1534 1456 1578 adversus

77 1611 339 1672 Babylonios
376 1611 542 1655 bellum
583 1621 773 1672 gereret,
815 1611 1064 1672 Babyloniis
1109 1629 1185 1656 rex
1225 1613 1454 1673 Lydorum

77 1692 273 1746 Croesus,
301 1691 424 1751 cujus
463 1707 566 1751 opes
606 1700 649 1734 et
688 1690 849 1734 divitiae
890 1692 1080 1752 insignes
1120 1708 1169 1735 ea
1203 1702 1457 1753 tempestate

77 1780 223 1826 erant,
246 1771 291 1816 in
311 1769 522 1814 auxilium
542 1771 688 1825 ve11it;
712 1771 939 1830 victusque
959 1772 1051 1831 jam
1073 1788 1123 1814 ac
1146 1771 1387 1829 desolatus,
1412 1773 1455 1815 in

77 1866 259 1911 regnum
292 1849 464 1910 refugit.
495 1851 635 1909 Cyrus
669 1866 843 1909 quoque
872 1859 970 1910 post
1003 1851 1252 1905 victoriam,
1277 1868 1457 1911 compo-

76 1931 167 1973 sitis
208 1931 252 1973 in
289 1928 529 1990 Babylonia
573 1929 721 1985 rebus,
743 1928 908 1972 bellum
944 1931 1149 1974 transfert
1183 1932 1227 1973 in
1259 1932 1455 1991 Lydiam.

77 2010 164 2066 lbi,
186 2010 362 2053 fortuna
383 2010 542 2070 prioris
570 2007 713 2069 proelii
744 2008 993 2070 perculsum
1015 2011 1103 2070 jam
1131 2012 1267 2055 Croesi
1297 2012 1457 2054 exerci-

79 2098 171 2132 tum
219 2087 341 2132 nullo
382 2088 557 2149 negotio
593 2087 762 2143 fundit,
798 2090 973 2132 Croesus
1014 2090 1104 2149 ipse
1148 2091 1330 2150 capitur.
1375 2090 1456 2134 Sed

77 2177 241 2227 quanto
276 2166 436 2210 bellum
469 2168 651 2210 minoris
687 2167 888 2227 periculi,
914 2177 1035 2211 tanto
1065 2177 1106 2211 et
1141 2169 1289 2212 mitior
1320 2170 1458 2212 victo-

78 2248 140 2289 ria
163 2247 256 2290 fuit.
277 2247 427 2291 Croeso
450 2256 492 2290 et
513 2247 623 2302 vita,
652 2256 694 2289 et
717 2247 970 2306 patrimonii
995 2257 1156 2307 partes,
1182 2257 1224 2290 et
1253 2248 1355 2291 urbs
1381 2251 1457 2291 Ba-

77 2342 180 2369 rene
199 2342 399 2370 concessa
413 2336 515 2370 sunt
538 2343 546 2369 :
571 2327 615 2369 in
639 2342 725 2386 qua
744 2328 822 2369 etsi
846 2343 934 2369 non
954 2328 1118 2387 regiam
1138 2328 1291 2383 vitam,
1312 2328 1457 2387 proxi-

77 2422 193 2449 mam
223 2414 368 2448 tamen
391 2406 605 2466 majestati
628 2406 756 2467 regiae
774 2405 964 2467 degeret.
986 2408 1086 2449 Haec
1110 2405 1340 2449 clementia
1367 2423 1454 2449 non

78 2486 222 2528 minus
257 2485 438 2539 victori,
465 2502 596 2544 quam
636 2486 750 2529 victo
784 2484 903 2528 utilis
940 2485 1034 2528 fuit.
1063 2486 1243 2545 Quippe
1278 2502 1329 2528 ex
1361 2486 1456 2528 uni-

77 2581 202 2608 versa
225 2565 415 2618 Graecia,
447 2566 641 2624 cognito,
666 2565 784 2624 quod
813 2563 982 2608 illatum
1014 2567 1166 2608 Croeso
1199 2564 1362 2607 bellum
1394 2581 1454 2606 cr·-

78 2654 157 2700 set,
190 2643 348 2688 auxilia
386 2642 504 2686 velut
544 2643 598 2685 ad
630 2659 860 2686 commune
902 2643 1267 2703 exstinguendum
1310 2644 1456 2685 incen-
