1783 3282
372 407 641 475 NOTAE
683 409 775 474 IN
817 409 1164 477 JUSTINI

476 569 741 604 IIISTORIAS
765 570 1073 608 PHILIPPICAS

303 707 406 760 EX
468 708 770 761 TROGO
832 710 1240 764 POMPEIO.

137 1009 346 1042 HlsTonlAs
365 1009 620 1042 PmmPPmAS.
642 1008 747 1043 Hanc
767 1010 996 1056 epigraphen
1021 1023 1041 1046 a
1061 1011 1189 1058 Trogo
1209 1024 1286 1047 esse
1305 1020 1470 1049 veterum

85 1070 268 1104 librorum
308 1081 508 1104 consensus
545 1069 675 1116 arguit.
714 1070 898 1105 Historias
933 1078 1055 1107 autem
1084 1072 1326 1121 Philippicas
1358 1087 1472 1122 quare

85 1130 272 1177 inscripsit
291 1130 437 1165 diversa
450 1137 504 1165 est
522 1130 622 1177 apud
641 1131 771 1165 doctos
790 1132 983 1167 sententia.
1004 1133 1176 1181 Plerique
1200 1148 1283 1170 cum
1301 1137 1473 1185 Bongar-

87 1192 141 1227 sio
170 1191 383 1227 existimant
411 1192 669 1239 Philzppicam
694 1192 887 1227 historiam
913 1194 1040 1241 Trogo
1063 1196 1348 1232 Macedonicam
1377 1211 1472 1241 esse,

88 1253 261 1300 princeps
289 1265 423 1300 nempe
449 1253 556 1298 hujus
582 1252 707 1300 operis
733 1262 990 1301 argumentum
1011 1269 1018 1289 :
1042 1269 1152 1300 nam,
1172 1270 1192 1292 a
1219 1258 1317 1293 libro
1342 1272 1399 1294 vn
1426 1261 1474 1296 ad

89 1327 174 1358 xm,
193 1326 349 1361 regnum
371 1313 658 1348 Macedonicum
677 1313 871 1359 describit,
895 1315 996 1360 cujus
1016 1330 1035 1350 a
1054 1317 1252 1365 Philippo,
1273 1320 1476 1356 Alexandri

88 1382 215 1422 patre,
234 1374 395 1422 dignitas
424 1374 546 1421 coepit.
573 1381 753 1413 Φιλιππικοὶ
779 1376 1015 1423 Theopompi
1040 1377 1199 1412 citantur
1223 1380 1271 1414 ab
1296 1382 1475 1416 Athenaeo

88 1436 242 1483 passim3
271 1435 404 1482 quibus
430 1435 622 1470 historiam
652 1435 816 1483 Philippi
846 1436 951 1472 libris
975 1450 1077 1472 Lv111
1104 1441 1320 1486 complexus
1348 1451 1418 1487 est,
1439 1450 1477 1477 ut

89 1497 278 1532 Diodorus
297 1497 430 1541 refert,
450 1497 548 1531 libro
569 1509 623 1531 XI.
650 1497 697 1531 In
723 1497 887 1533 editione
907 1500 951 1532 A.
973 1499 1100 1546 Thysii
1119 1513 1203 1535 cum
1227 1502 1324 1537 notis
1347 1504 1476 1538 vario·-

90 1571 192 1603 rum,
219 1558 355 1593 Justini
385 1557 549 1605 epitome
579 1557 630 1592 sic
657 1558 872 1594 inscribitur
899 1572 943 1594 ex
970 1562 1159 1596 veteribus
1182 1563 1287 1598 libris
1314 1577 1322 1597 :
1345 1565 1478 1599 Iustina*

91 1621 332 1655 Historiarum
356 1620 655 1668 Philippicarum
680 1628 715 1655 et
731 1622 841 1655 totius
865 1623 996 1656 mundi
1021 1623 1210 1671 Originum
1239 1633 1272 1659 et
1292 1633 1402 1660 terra>
1422 1628 1475 1661 si—

92 1690 165 1725 tus,
193 1693 241 1716 ea:
265 1683 386 1730 Trogo
406 1682 603 1729 Pompeio,
626 1682 720 1716 liber
738 1694 764 1715 1.
797 1683 921 1716 Terroe
946 1684 1052 1725 situs,
1074 1697 1166 1731 quos
1184 1686 1262 1720 haec
1280 1687 1477 1732 pollicetur

92 1742 303 1789 inscriptio,
318 1742 545 1777 arbitrantur
562 1755 639 1777 esse
654 1742 924 1790 descriptiones
937 1744 1133 1791 regionum
1144 1772 1153 1789 ‚
1173 1758 1252 1792 quae
1272 1746 1308 1781 in
1329 1748 1349 1781 J
1353 1748 1474 1782 ustino

93 1803 169 1838 fere
186 1804 312 1847 nullae,
330 1803 369 1837 in
388 1804 515 1850 Trogo
534 1803 745 1850 frequentes
766 1804 930 1847 fuerunt,
947 1812 986 1838 ut
1004 1805 1171 1840 indicant
1190 1808 1341 1854 Prologi
1355 1835 1364 1851 ,
1384 1821 1475 1855 quos

94 1876 139 1898 ex
164 1877 248 1899 mss.
269 1864 461 1899 codicibus
482 1864 661 1911 produxit
681 1865 717 1898 in
740 1866 886 1899 luminis
911 1878 996 1899 oras
1019 1867 1255 1913 Bongarsius.

568 2086 616 2113 IN
653 2087 807 2114 PRAEFA
815 2087 1004 2115 TIONEM.

150 2202 310 2236 Multa...
342 2202 424 2236 viri.
460 2201 505 2235 In
529 2201 585 2236 his
609 2202 654 2236 A.
681 2201 861 2245 Albinus,
886 2203 1014 2236 consul
1040 2215 1071 2236 a.
1098 2215 1131 2237 v.
1153 2215 1181 2236 c.
1204 2202 1297 2243 602,
1323 2203 1362 2237 L.
1387 2202 1479 2239 Cin-

98 2265 191 2308 cius,
215 2264 253 2298 C.
279 2263 412 2307 Julius,
432 2269 598 2306 senator,
629 2264 670 2297 L.
695 2263 884 2305 Lucullus,
911 2264 1041 2297 consul
1065 2276 1095 2297 a.
1128 2276 1162 2297 V.
1190 2275 1219 2297 c.
1249 2262 1343 2311 679,
1371 2270 1480 2310 atque

99 2327 250 2370 Cicero,
278 2325 342 2372 qui
371 2324 680 2359 commentarium
711 2325 921 2359 consulatus
956 2324 1012 2358 sui
1047 2322 1099 2373 (a.
1122 2337 1157 2359 v.
1182 2337 1212 2359 c.
1240 2324 1332 2373 690)
1365 2337 1480 2372 graece

100 2386 347 2434 compositum
369 2385 416 2420 ad
438 2386 602 2421 Atticum
625 2399 730 2421 suum
748 2386 866 2430 misit,
890 2398 989 2421 anno
1011 2385 1158 2433 693,ut
1181 2386 1259 2433 ipse
1283 2386 1411 2420 scribit
1433 2387 1480 2421 ad

101 2449 279 2492 Atticum,
304 2461 338 2491 1,
366 2460 422 2495 19.

156 2512 297 2557 Trogus
324 2510 533 2556 Pompeius.
567 2509 637 2543 Hic
667 2509 728 2544 vir
749 2510 893 2557 priscoe
918 2509 1158 2557 eloquentiae,
1189 2509 1251 2556 qui
1273 2521 1421 2556 groecas
1448 2516 1482 2543 et

101 2572 213 2606 totius
245 2570 347 2605 orbis
372 2570 544 2604 historias
572 2570 689 2604 latino
714 2582 885 2605 sermone
914 2571 1142 2617 composuit,
1165 2583 1183 2605 e
1202 2570 1417 2613 vocontiis,
1444 2569 1480 2604 in

104 2631 307 2667 Viennensi
338 2631 550 2678 provincia,
585 2631 763 2665 oriundus
796 2638 884 2664 erat.
913 2633 1034 2675 Avus,
1069 2631 1285 2667 Sertoriano
1317 2631 1437 2674 bello,
1463 2643 1481 2664 a

307 2712 332 2738 1.
1237 2689 1288 2733 ιδ
