1783 3282
333 281 345 302 1
356 280 372 304 t
380 269 400 303 6
918 270 936 302 J
940 269 1103 304 USTINI

329 352 378 394 lis
416 360 510 393 acta
537 366 762 409 superare,
790 368 889 394 cum
922 368 1093 394 summo
1129 350 1275 393 labore
1311 366 1359 392 ac
1391 346 1585 408 periculo
1615 364 1693 407 po-

330 430 432 471 titus
456 444 578 484 saxo,
601 445 750 473 omnes
773 431 863 489 ejus
888 429 970 473 loci
993 438 1142 489 gentes
1166 430 1210 470 in
1232 427 1498 470 deditionem
1521 426 1691 485 accipit.

389 508 507 551 VIII.
534 509 659 550 Unus
681 524 731 551 ex
758 508 932 567 regibus
966 507 1176 549 Indorum
1204 506 1303 559 fuit,
1336 508 1473 548 Porus
1497 505 1693 559 nomine,

327 586 490 629 viribus
516 588 708 645 corporis
733 595 774 629 et
797 587 931 628 animi
963 584 1265 644 magnitudine
1293 585 1458 643 pariter
1487 584 1693 643 insignis:

329 665 403 723 qui
430 662 593 707 bellum
612 665 702 723 jam
734 663 927 723 pridem,
951 662 1099 705 audita
1127 661 1361 705 Alexandri
1392 661 1620 719 opinione,
1651 661 1695 702 in

329 742 563 786 adventum
597 743 687 802 ejus
712 743 907 802 parabat.
935 742 1178 785 Commisso
1206 741 1350 799 itaque
1378 738 1552 799 proelio⁷
1576 755 1697 782 exer-

330 823 463 865 citum
499 837 624 864 suum
654 820 917 864 Macedonas
945 820 1149 862 invadere
1175 819 1318 879 jubet3
1346 818 1426 861 sibi
1452 834 1599 878 regem
1624 834 1697 860 eo-

328 916 426 942 rum
461 901 679 959 privatum
713 899 881 941 hostem
917 898 1124 957 deposcit.
1149 899 1241 940 Nec
1266 896 1514 940 Alexander
1541 913 1698 956 pugnae

330 994 496 1022 moram
522 977 623 1020 fecit
649 994 656 1019 :
691 977 765 1019 sed
793 978 932 1035 prima
961 977 1266 1035 congressione
1301 975 1529 1018 vulnerato
1557 991 1696 1034 equo,

331 1072 464 1115 quum
488 1071 676 1115 praeceps
699 1056 743 1097 in
767 1064 927 1097 terram
952 1053 1201 1108 decidisset,
1223 1069 1439 1096 concursu
1463 1052 1696 1096 satellitum

330 1143 538 1176 servatur.
569 1136 706 1176 Porus
738 1132 886 1176 multis
909 1131 1164 1175 vulneribus
1193 1131 1375 1174 obrutus
1401 1132 1585 1190 capitur.
1608 1133 1696 1187 Qui

331 1213 492 1256 victum
517 1228 560 1254 se
584 1212 690 1255 adeo
715 1211 877 1267 doluit,
902 1221 973 1265 ut,
1000 1227 1135 1270 quum
1160 1212 1331 1253 veniam
1353 1211 1405 1253 ab
1428 1210 1552 1253 hoste
1578 1211 1698 1252 inve-

332 1292 484 1343 nisset,
508 1307 649 1349 neque
669 1291 814 1333 cibum
838 1306 1008 1333 sumere
1028 1289 1236 1344 voluerit,
1253 1306 1393 1349 neque
1416 1288 1599 1332 vulnera
1623 1306 1698 1333 cu-

332 1370 417 1411 rari
452 1385 598 1428 passus
624 1370 697 1421 sit3
727 1385 925 1429 aegreque
959 1370 1013 1411 sit
1049 1368 1100 1410 ab
1129 1384 1179 1410 eo
1209 1368 1464 1423 obtentum,
1489 1377 1537 1410 ut
1569 1366 1698 1410 vellet
1755 1424 1759 1426 Y

332 1449 489 1490 vivere.
509 1448 654 1503 Quem
668 1446 914 1491 Alexander
935 1448 988 1490 ob
1012 1447 1226 1490 honorem
1240 1448 1413 1489 virtutis
1434 1445 1698 1489 incolumem

332 1527 376 1567 in
405 1542 589 1585 regnum
612 1526 788 1568 remisit.
817 1528 937 1569 Duas
966 1526 1025 1568 ibi
1052 1526 1180 1568 urbes
1208 1525 1404 1568 condidit
1428 1542 1436 1567 :
1461 1541 1594 1567 unam
1620 1526 1698 1569 Ni-

330 1621 478 1659 caeam,
517 1603 695 1647 alteram
739 1621 788 1647 ex
832 1606 1008 1647 nomine
1053 1606 1153 1664 equi
1194 1604 1470 1664 Bucephalen
1515 1608 1697 1647 vocavit.

331 1683 438 1726 Inde
454 1682 682 1738 Adrestas‚
713 1686 977 1739 Gesteanos,
1005 1683 1239 1739 Praesidas,
1268 1684 1562 1743 Gangaridas,
1585 1684 1701 1727 caesis

334 1779 486 1805 eorum
510 1763 792 1817 exercitibus,
813 1773 1046 1823 expugnat.
1071 1763 1218 1818 Quum
1247 1762 1299 1805 ad
1323 1763 1535 1823 Cuphites
1561 1766 1701 1805 venis-

332 1851 416 1895 set,
439 1841 514 1883 ubi
542 1858 640 1883 eum
670 1858 767 1883 cum
796 1842 993 1884 ducentis
1019 1840 1211 1884 millibus
1239 1843 1435 1901 equitum
1456 1843 1598 1885 hostes
1623 1858 1702 1901 op-

334 1920 634 1980 periebantur‚
663 1921 874 1963 exercitus
914 1922 1074 1976 omnis,
1113 1937 1199 1963 non
1241 1922 1385 1963 minus
1415 1922 1701 1963 victoriarum

333 2014 537 2052 numero⁷
566 2015 695 2057 quan]
726 1998 945 2042 laboribus
966 1999 1119 2053 fessus,
1144 1999 1344 2060 lacrymis
1371 2016 1470 2042 eum
1494 1999 1701 2059 depreca-

333 2086 423 2131 tur,
444 2078 627 2119 «Finem
654 2077 827 2120 tandem
851 2077 953 2120 belli
975 2078 1154 2132 faceret3
1181 2077 1419 2137 aliquando
1443 2079 1613 2138 patriae,
1639 2095 1704 2121 re-

333 2156 536 2215 ditusque
561 2157 850 2210 meminisset3
881 2158 1116 2216 respiceret
1145 2156 1335 2199 militum
1358 2173 1515 2212 annos,
1545 2157 1703 2216 quibus

333 2237 404 2278 vix
418 2245 517 2279 aetas
540 2236 594 2278 ad
612 2236 802 2279 reditum
817 2235 1033 2278 sufficeret
1049 2253 1057 2278 :
1076 2255 1095 2275 ›>
1115 2236 1343 2278 ostendere
1358 2235 1467 2278 alius
1482 2237 1702 2285 canitiem,

334 2314 441 2358 alius
466 2314 668 2369 vulnera,
688 2313 796 2357 alius
809 2324 932 2357 aetate
954 2324 1211 2374 consumpta
1236 2331 1439 2374 corpora,
1466 2314 1574 2358 alius
1593 2316 1702 2358 cica-

334 2394 513 2436 tricibus
542 2394 778 2436 exhausta:
803 2393 965 2437 «Solos
993 2410 1036 2436 se
1064 2410 1173 2447 esse,
1201 2396 1275 2453 qui
1307 2394 1494 2437 duorum
1523 2410 1676 2454 regum
1693 2428 1704 2448 ‚

333 2469 527 2530 Philippi
546 2471 889 2531 Alexandrique7
905 2474 1156 2515 continuam
1179 2471 1378 2515 militiam
1395 2472 1667 2532 pertulerint.
1684 2492 1703 2512 n

336 2549 533 2592 Tandem
551 2566 695 2605 orare,
716 2569 736 2589 c(
750 2553 810 2594 Ut
836 2550 1039 2610 reliquias
1057 2550 1211 2594 saltem
1232 2568 1329 2595 suas
1354 2554 1544 2611 paternis
1563 2551 1706 2611 sepul-

340 2629 423 2671 cris
447 2629 626 2685 reddat,
648 2646 834 2690 quorum
858 2647 944 2672 non
969 2630 1122 2673 studiis
1142 2629 1388 2685 deficiatur,
1403 2647 1532 2690 quam
1555 2632 1704 2673 annis:
