1783 3282
308 248 376 282 228
896 244 1085 279 TUSTINI

305 332 468 391 regiam
494 329 767 387 irrumpunt:
792 343 879 386 quo
900 329 1096 387 cognito,
1120 327 1285 384 equites
1306 326 1465 385 trepidi
1493 325 1546 368 ab
1572 325 1678 367 urbe

305 408 555 462 discedunt,
583 407 819 465 castrisque
844 407 1017 465 positis,
1042 414 1085 446 et
1109 404 1189 463 ipsi
1214 403 1381 463 pedites
1406 413 1572 446 terrere
1596 419 1680 446 coe-

306 496 476 549 perunt.
503 485 587 529 Sed
605 501 686 528 nec
710 500 941 544 procerum
972 484 1086 525 inter
1109 498 1153 525 se
1170 482 1272 525 odia
1291 483 1528 525 cessabant.
1555 484 1681 525 Atta-

305 568 371 610 lus
400 566 454 609 ad
481 563 833 608 interficiendum
859 561 1111 605 Perdiccam
1128 595 1138 615 ,
1160 560 1315 604 ducem
1339 562 1475 621 partis
1502 560 1680 604 alterius

307 646 473 689 mittit:
504 643 559 687 ad
594 659 723 702 quem
760 650 999 695 armatum,
1030 649 1071 683 et
1103 638 1221 682 ultro
1256 649 1510 695 vocantem,
1545 656 1681 699 quum

307 724 509 768 accedere
539 737 814 782 percussores
837 720 930 763 ausi
954 736 1044 763 non
1063 719 1267 775 fuissent,
1293 728 1415 762 tanta
1439 719 1682 761 constantia

308 804 524 850 Perdiccae
542 802 644 858 fuit,
672 811 718 844 ut
739 799 854 843 ultro
885 799 939 843 ad
963 800 1133 860 pedites
1161 799 1351 854 veniret,
1373 808 1417 841 et
1440 799 1485 841 in
1512 798 1685 842 concio-

310 901 409 927 nem
435 891 611 925 vocatos
637 880 860 934 edoceret,
891 879 1009 938 quod
1038 879 1207 922 facinus
1236 877 1498 921 molirentur
1524 894 1532 919 :
1560 896 1580 917 α
1602 880 1687 921 Re-

309 964 541 1022 spicerent,
566 969 720 1002 contra
741 974 849 1017 quos
874 974 994 1000 arma
1018 958 1328 1017 sumpsissent:
1354 974 1443 1000 non
1468 955 1563 999 illos
1585 958 1687 999 Per-

311 1059 394 1097 sas,
411 1040 484 1084 sed
498 1037 785 1092 Macedonas3
802 1053 890 1079 non
905 1037 1071 1091 hostes,
1090 1036 1164 1079 sed
1188 1037 1302 1079 cives
1318 1053 1407 1079 esse
1424 1052 1434 1091 3
1455 1035 1687 1095 plerosque

311 1120 440 1162 etiam
465 1127 674 1178 cognatos
705 1132 882 1171 eorum,
910 1124 1025 1159 certe
1051 1114 1396 1170 commilitones,
1433 1114 1687 1157 eorumdem

312 1209 551 1243 castrorum
580 1213 629 1240 ac
657 1194 957 1256 periculorum
982 1195 1122 1238 socios
1141 1211 1149 1236 :
1168 1194 1361 1237 edituros
1385 1192 1544 1236 deinde
1567 1209 1688 1253 egre-

312 1280 433 1339 gium
451 1277 649 1319 hostibus
675 1276 761 1318 suis
788 1273 1110 1334 spectaculum,
1139 1284 1209 1328 ut,
1235 1290 1422 1333 quorum
1447 1273 1577 1316 armis
1602 1274 1690 1315 vic-

316 1368 380 1400 tos
405 1373 447 1399 se
465 1355 660 1409 doleant,
683 1371 835 1397 eorum
863 1355 1025 1396 mutuis
1055 1352 1242 1396 caedibus
1270 1352 1506 1412 gaudeant,
1533 1368 1689 1411 paren-

317 1446 567 1494 taturosque
595 1434 806 1493 sanguine
834 1450 911 1476 suo
938 1432 1138 1475 manibus
1160 1432 1353 1475 hostium
1373 1448 1397 1474 a
1421 1448 1464 1474 se
1488 1430 1690 1474 interfec-

317 1526 475 1558 torum.
495 1534 515 1554 ,η

377 1596 452 1638 IV.
483 1596 585 1636 Haec
612 1609 748 1652 quum
779 1609 859 1652 pro
888 1591 1099 1652 singulari
1126 1591 1330 1634 facundia
1357 1608 1432 1635 sua
1460 1591 1690 1634 Perdiccas

316 1683 577 1735 perorasset,
605 1672 712 1714 adeo
739 1672 873 1714 movit
899 1672 1086 1731 peditus,
1102 1680 1169 1724 ut,
1184 1672 1368 1730 probato
1386 1670 1566 1714 consilio
1584 1671 1691 1730 ejus,

317 1753 404 1796 dux
428 1754 479 1795 ab
507 1752 710 1794 omnibus
745 1750 976 1811 legeretur.
1003 1752 1116 1793 Tum
1148 1752 1314 1810 equites
1343 1751 1386 1793 in
1411 1750 1690 1794 concordiam

318 1832 528 1885 revocati,
566 1832 609 1873 in
640 1829 862 1873 Aridaeum
901 1846 1049 1889 regem
1084 1831 1378 1873 consentiunt.
1416 1832 1595 1873 Servata
1631 1839 1693 1872 est

318 1912 462 1970 portio
482 1910 606 1970 regni
627 1908 864 1952 Alexandri
883 1907 993 1963 filio,
1024 1909 1059 1951 si
1082 1918 1209 1951 natus
1230 1918 1351 1952 esset.
1369 1913 1470 1952 Haec
1485 1909 1693 1969 agebant,

319 1991 460 2050 posito
485 1990 528 2031 in
554 1988 696 2031 medio
723 2004 906 2047 corpore
925 1987 1185 2041 Alexandri,
1211 1998 1261 2030 ut
1277 1989 1477 2047 majestas
1499 1988 1591 2047 ejus
1612 1997 1694 2030 tes-

319 2071 373 2112 tis
402 2069 677 2111 decretorum
708 2076 829 2109 esset.
859 2067 934 2109 His
962 2068 1020 2109 ita
1052 2068 1323 2126 compositis,
1353 2067 1623 2110 Macedoniae
1652 2077 1694 2110 et

320 2149 498 2192 Graeciae
527 2147 758 2205 Antipater
787 2146 1058 2205 praeponitur
1084 2162 1092 2187 ε
1122 2147 1249 2206 regiae
1279 2147 1471 2205 pecuniae
1497 2146 1694 2189 custodia

322 2230 504 2270 Cratero·
531 2224 719 2267 traditur
740 2234 1008 2267 :castrorum
1029 2235 1071 2267 et
1096 2226 1310 2268 exercitus
1327 2258 1338 2280 ,
1360 2236 1401 2268 et
1419 2243 1566 2269 rerum
1589 2243 1694 2270 cura

322 2305 546 2365 Meleagro
573 2313 613 2346 et
638 2303 856 2347 Perdiccae
882 2305 1129 2363 assignatur
1160 2321 1167 2346 :
1196 2305 1465 2365 jubeturque
1496 2306 1693 2349 Aridaeus

322 2402 395 2428 rex
422 2400 579 2443 corpus
606 2382 837 2426 Alexandri
864 2383 907 2424 in
939 2385 1197 2427 Hammonis
1225 2384 1436 2444 templum
1463 2385 1691 2429 deducere.

327 2466 446 2507 Tunc
473 2462 700 2506 Perdiccas
723 2461 916 2504 infensus
947 2462 1171 2506 seditionis
1201 2464 1476 2520 auctoribus,
1500 2474 1691 2525 repente,

323 2545 476 2603 ignaro
514 2539 699 2600 collega,
734 2539 1041 2584 lustrationem
1075 2551 1337 2599 castrorum,
1372 2553 1551 2604 propter
1577 2559 1695 2587 mor-

325 2633 413 2665 tem
430 2622 567 2680 regis,
594 2621 638 2662 in
662 2629 886 2679 posterum
912 2621 1055 2664 edicit.
1073 2623 1312 2681 Postquam
1335 2634 1552 2666 armatum
1576 2640 1695 2667 exer-
