1783 3282
301 292 314 312 1
325 280 370 314 80
884 278 1070 312 JUSTINI

298 371 345 403 ut
376 370 499 419 pater
520 377 736 403 carcerem
759 361 898 415 nexis,
932 359 1005 402 sed
1036 359 1223 401 caedibus
1258 361 1474 401 civitatem
1503 356 1652 416 replet.

298 439 366 481 Ob
400 455 493 497 quae
522 455 610 482 non
637 439 926 497 contemptior
950 437 1177 492 omnibus,
1204 453 1333 495 quam
1357 437 1534 479 invisior
1559 435 1653 479 fuit.

298 520 449 576 Itaque
482 534 617 576 quum
653 517 815 560 bellum
849 515 1052 558 adversus
1089 530 1189 556 eum
1221 516 1478 573 Syracusani
1507 514 1653 557 decre-

299 596 474 651 vissent,
506 596 580 638 diu
618 595 850 649 dubitavit,
895 593 1128 652 imperium
1165 592 1420 652 deponeret,
1457 609 1511 635 an
1541 591 1655 635 bello

298 675 528 717 resisteret.
548 673 631 716 Sed
645 689 669 715 a
691 671 924 727 militibus,
948 670 1140 730 praedam
1161 681 1203 713 et
1225 671 1345 713 urbis
1369 670 1654 729 direptionem

298 752 591 811 sperantibus,
633 750 892 793 descendere
929 749 973 791 in
1012 748 1213 808 proelium
1262 750 1445 809 cogitur.
1481 749 1654 803 Victus,

298 846 433 889 quum
467 831 621 872 iterato
660 845 747 871 non
782 827 947 870 felicius
974 826 1195 870 fortunam
1231 836 1458 882 tentasset,
1492 825 1656 886 legatos

300 908 354 950 ad
379 911 670 967 Syracusanos
694 907 847 960 mittit,
873 905 1111 964 spondens,
1146 922 1228 948 «se
1260 905 1559 965 depositurum
1594 915 1659 964 ty-

300 986 546 1040 rannidem,
563 986 597 1027 si
612 986 835 1027 mitterent
860 983 914 1026 ad
938 1000 1037 1027 eum
1053 1018 1063 1038 ,
1084 984 1344 1042 quibuscum
1369 985 1448 1027 sibi
1476 984 1528 1027 de
1554 1001 1658 1044 pace

300 1065 563 1107 conveniret.
584 1083 603 1103 ))
634 1066 684 1106 In
710 1079 840 1121 quam
876 1079 966 1105 rem
995 1063 1148 1105 missos
1172 1063 1384 1121 primores
1410 1063 1454 1104 in
1488 1079 1658 1105 carcere

299 1144 476 1196 retinet,
501 1152 630 1201 atque
654 1143 714 1184 ita
742 1142 928 1184 incautis
948 1141 1170 1196 omnibus,
1194 1157 1273 1184 nec
1300 1141 1533 1200 quicquam
1558 1141 1657 1183 hos-

305 1222 376 1266 tile
422 1222 737 1275 metuentibus,
781 1221 1017 1263 exercitum
1065 1220 1119 1263 ad
1165 1219 1392 1263 delendam
1440 1220 1657 1263 civitatem

302 1303 448 1344 mittit.
478 1302 547 1343 Fit
574 1301 707 1360 igitur
733 1300 777 1342 in
802 1300 896 1359 ipsa
930 1300 1039 1341 urbe
1076 1315 1232 1358 anceps
1258 1298 1481 1358 proelium3
1504 1299 1549 1341 in
1572 1315 1657 1358 quo

302 1379 530 1440 oppidanis
556 1378 836 1422 multitudine
861 1378 1163 1438 superantibus
1177 1411 1188 1433 ,
1205 1379 1443 1437 Dionysius
1461 1376 1655 1437 pellitur:

301 1459 375 1518 qui
409 1474 543 1516 quum
587 1457 857 1500 obsidionem
888 1457 997 1499 arcis
1039 1458 1228 1511 timeret,
1262 1472 1361 1498 cum
1387 1456 1504 1498 omni
1540 1457 1659 1516 regio

301 1545 511 1596 apparatu
543 1536 587 1577 in
612 1535 780 1578 Italiam
810 1535 1003 1594 profugit
1027 1535 1193 1577 tacitus.
1221 1534 1354 1578 Exsul
1380 1551 1403 1576 a
1428 1537 1658 1578 Locrensi-

302 1616 381 1657 bus
406 1614 530 1657 sociis
557 1623 760 1673 exceptus
774 1646 785 1667 ,
803 1611 921 1655 velut
933 1613 1031 1672 jure
1047 1623 1248 1673 regnaret
1261 1647 1273 1665 ,
1291 1629 1433 1656 arcem
1454 1623 1658 1674 occupat;

302 1693 559 1752 solitamque
590 1693 669 1735 sibi
707 1692 910 1735 saevitiam
948 1702 1130 1735 exercet.
1171 1692 1389 1752 Conjuges
1413 1693 1658 1752 principum

302 1773 355 1816 ad
380 1782 578 1831 stuprum
606 1771 700 1830 rapi
721 1771 902 1830 jubebat
931 1788 940 1813 ;
966 1769 1154 1830 virgines
1181 1781 1281 1814 ante
1313 1773 1487 1831 nuptias
1523 1771 1662 1816 abdu-

306 1851 449 1905 cebat,
490 1859 792 1910 stupratasque
827 1850 994 1909 sponsis
1032 1849 1275 1892 reddebat:
1302 1849 1662 1910 locupletissimos

302 1945 498 1988 quosque
520 1938 596 1971 aut
618 1929 792 1971 civitate
816 1926 1003 1988 pellebat
1021 1961 1032 1982 ,
1053 1937 1126 1970 aut
1141 1927 1280 1971 occidi
1306 1929 1566 1988 imperabat,
1587 1930 1663 1973 bo-

305 2025 444 2067 naque
468 2024 620 2051 eorum
648 2006 890 2049 invadebat.

365 2089 443 2130 III.
472 2087 588 2130 Dein
606 2102 741 2145 quum
761 2087 924 2144 rapinae
950 2086 1116 2129 occasio
1135 2086 1318 2142 deesset,
1335 2088 1583 2131 universam
1605 2089 1664 2132 ci-

303 2169 478 2209 vitatem
499 2164 654 2208 callido
678 2174 925 2207 commento
950 2166 1247 2208 circumvenit.
1265 2166 1414 2222 Quum
1444 2166 1664 2227 Rhegino-

302 2262 398 2288 rum
426 2244 595 2303 tyranni
623 2244 896 2302 Leophronis
931 2242 1046 2286 bello
1073 2246 1310 2288 Locrenses
1335 2257 1658 2305 premerentur,

303 2332 527 2378 voverant,
556 2324 589 2365 si
615 2323 797 2365 victores
821 2321 989 2375 forent,
1015 2332 1063 2363 ut
1089 2321 1157 2364 die
1184 2322 1293 2365 festo
1323 2326 1505 2366 Veneris
1531 2326 1663 2386 virgi-

302 2418 374 2445 nes
400 2418 496 2445 suas
523 2402 844 2461 prostituerent.
872 2400 974 2455 Quo
999 2410 1100 2443 voto
1126 2402 1396 2457 intermisso,
1425 2420 1560 2462 quum
1588 2406 1662 2448 ad-

301 2497 422 2523 versa
466 2479 577 2524 bella
610 2497 709 2524 cum
742 2480 930 2523 Lucanis
962 2489 1184 2540 gererent,
1223 2479 1265 2522 in
1299 2482 1552 2525 concionem
1587 2500 1657 2526 eos

299 2560 532 2619 Dionysius
556 2569 678 2602 vocat
707 2577 715 2601 :
744 2559 964 2613 hortatur,
987 2578 1006 2598 c<
1021 2568 1069 2601 ut
1095 2574 1250 2601 uxores
1275 2558 1468 2619 filiasque
1493 2577 1588 2603 suas
1614 2563 1655 2603 in

301 2637 509 2697 templum
530 2638 732 2692 Veneris,
754 2654 884 2696 quam
911 2638 1078 2697 possint
1106 2638 1402 2681 ornatissimas
1417 2672 1428 2692 ,
1455 2639 1625 2682 mittant
1646 2658 1656 2695 ;
