<?xml version="1.0" encoding="UTF-8"?>
<!DOCTYPE html PUBLIC "-//W3C//DTD XHTML 1.0 Transitional//EN"
    "http://www.w3.org/TR/xhtml1/DTD/xhtml1-transitional.dtd">
<html xmlns="http://www.w3.org/1999/xhtml" xml:lang="en" lang="en">
 <head>
  <title>
</title>
<meta http-equiv="Content-Type" content="text/html;charset=utf-8" />
  <meta name='ocr-system' content='tesseract 3.04.00' />
  <meta name='ocr-capabilities' content='ocr_page ocr_carea ocr_par ocr_line ocrx_word'/>
</head>
<body>
  <div class='ocr_page' id='page_1' title='image "./historiarumphili01justuoft_0209.png"; bbox 0 0 1783 3282; ppageno 0'>
   <div class='ocr_carea' id='block_1_1' title="bbox 449 261 1449 312">
    <p class='ocr_par' dir='ltr' id='par_1_1' title="bbox 449 261 1449 312">
     <span class='ocr_line' id='line_1_1' title="bbox 449 261 1449 312; baseline 0.003 -17"><span class='ocrx_word' id='word_1_1' title='bbox 449 261 798 297; x_wconf 64' lang='lat' dir='ltr'>HISTORIARUM</span> <span class='ocrx_word' id='word_1_2' title='bbox 830 264 917 297; x_wconf 83' lang='lat' dir='ltr'>LIB.</span> <span class='ocrx_word' id='word_1_3' title='bbox 951 266 1067 302; x_wconf 71' lang='lat' dir='ltr'>XXII.</span> <span class='ocrx_word' id='word_1_4' title='bbox 1386 277 1449 312; x_wconf 83' lang='lat'>¹9¹</span> 
     </span>
    </p>
   </div>
   <div class='ocr_carea' id='block_1_2' title="bbox 59 344 1454 2720">
    <p class='ocr_par' dir='ltr' id='par_1_2' title="bbox 70 344 1454 645">
     <span class='ocr_line' id='line_1_2' title="bbox 73 344 1452 409; baseline 0 -19"><span class='ocrx_word' id='word_1_5' title='bbox 73 348 191 390; x_wconf 81' lang='lat' dir='ltr'>conis</span> <span class='ocrx_word' id='word_1_6' title='bbox 211 346 456 390; x_wconf 88' lang='lat' dir='ltr'>innocentis</span> <span class='ocrx_word' id='word_1_7' title='bbox 477 344 674 389; x_wconf 81' lang='lat' dir='ltr'>exsilium</span> <span class='ocrx_word' id='word_1_8' title='bbox 701 363 709 389; x_wconf 90' lang='lat'><strong>:</strong></span> <span class='ocrx_word' id='word_1_9' title='bbox 733 362 850 389; x_wconf 87' lang='lat' dir='ltr'>nunc</span> <span class='ocrx_word' id='word_1_10' title='bbox 872 347 914 388; x_wconf 86' lang='lat' dir='ltr'>in</span> <span class='ocrx_word' id='word_1_11' title='bbox 936 347 1228 392; x_wconf 79' lang='lat' dir='ltr'>Hamilcarem</span> <span class='ocrx_word' id='word_1_12' title='bbox 1248 359 1452 409; x_wconf 84' lang='lat' dir='ltr'>patruum</span> 
     </span>
     <span class='ocr_line' id='line_1_3' title="bbox 73 425 1454 486; baseline 0.001 -18"><span class='ocrx_word' id='word_1_13' title='bbox 73 443 199 470; x_wconf 87' lang='lat' dir='ltr'>suum</span> <span class='ocrx_word' id='word_1_14' title='bbox 223 426 357 470; x_wconf 86' lang='lat' dir='ltr'>tacita</span> <span class='ocrx_word' id='word_1_15' title='bbox 383 425 590 486; x_wconf 84' lang='lat' dir='ltr'>suffragia</span> <span class='ocrx_word' id='word_1_16' title='bbox 605 460 616 479; x_wconf 79' lang='lat'>,</span> <span class='ocrx_word' id='word_1_17' title='bbox 638 425 756 485; x_wconf 91' lang='lat' dir='ltr'>quod</span> <span class='ocrx_word' id='word_1_18' title='bbox 778 425 1068 486; x_wconf 83' lang='lat' dir='ltr'>Agathoclem</span> <span class='ocrx_word' id='word_1_19' title='bbox 1095 428 1259 470; x_wconf 84' lang='lat' dir='ltr'>socium</span> <span class='ocrx_word' id='word_1_20' title='bbox 1286 427 1368 470; x_wconf 86' lang='lat' dir='ltr'>illis</span> <span class='ocrx_word' id='word_1_21' title='bbox 1390 427 1454 470; x_wconf 86' lang='lat' dir='ltr'>fa-</span> 
     </span>
     <span class='ocr_line' id='line_1_4' title="bbox 71 504 1445 566; baseline 0.001 -18"><span class='ocrx_word' id='word_1_22' title='bbox 71 522 190 561; x_wconf 80' lang='lat' dir='ltr'>cere,</span> <span class='ocrx_word' id='word_1_23' title='bbox 214 522 345 565; x_wconf 89' lang='lat' dir='ltr'>quam</span> <span class='ocrx_word' id='word_1_24' title='bbox 368 505 538 549; x_wconf 84' lang='lat' dir='ltr'>hostem</span> <span class='ocrx_word' id='word_1_25' title='bbox 560 504 777 548; x_wconf 86' lang='lat' dir='ltr'>maluerit.</span> <span class='ocrx_word' id='word_1_26' title='bbox 804 508 906 549; x_wconf 86' lang='lat' dir='ltr'>Haec</span> <span class='ocrx_word' id='word_1_27' title='bbox 931 521 1070 565; x_wconf 90' lang='lat' dir='ltr'>quum</span> <span class='ocrx_word' id='word_1_28' title='bbox 1094 506 1138 547; x_wconf 90' lang='lat' dir='ltr'>in</span> <span class='ocrx_word' id='word_1_29' title='bbox 1162 508 1350 549; x_wconf 87' lang='lat' dir='ltr'>maxima</span> <span class='ocrx_word' id='word_1_30' title='bbox 1376 523 1445 566; x_wconf 94' lang='lat' dir='ltr'>po-</span> 
     </span>
     <span class='ocr_line' id='line_1_5' title="bbox 70 585 1125 645; baseline -0.002 -16"><span class='ocrx_word' id='word_1_31' title='bbox 70 585 161 645; x_wconf 87' lang='lat' dir='ltr'>puli</span> <span class='ocrx_word' id='word_1_32' title='bbox 187 586 398 629; x_wconf 82' lang='lat' dir='ltr'>concione</span> <span class='ocrx_word' id='word_1_33' title='bbox 428 585 690 629; x_wconf 87' lang='lat' dir='ltr'>vociferatus</span> <span class='ocrx_word' id='word_1_34' title='bbox 714 596 845 641; x_wconf 82' lang='lat' dir='ltr'>esset,</span> <span class='ocrx_word' id='word_1_35' title='bbox 875 585 1125 645; x_wconf 78' lang='lat' dir='ltr'>exspiravit.</span> 
     </span>
    </p>

    <p class='ocr_par' dir='ltr' id='par_1_3' title="bbox 59 662 1454 2720">
     <span class='ocr_line' id='line_1_6' title="bbox 136 662 1454 726; baseline -0.002 -18"><span class='ocrx_word' id='word_1_36' title='bbox 136 667 253 709; x_wconf 87' lang='lat' dir='ltr'>VIII.</span> <span class='ocrx_word' id='word_1_37' title='bbox 292 667 463 709; x_wconf 86' lang='lat' dir='ltr'>Interea</span> <span class='ocrx_word' id='word_1_38' title='bbox 486 664 767 726; x_wconf 85' lang='lat' dir='ltr'>Agathocles,</span> <span class='ocrx_word' id='word_1_39' title='bbox 796 665 1039 725; x_wconf 85' lang='lat' dir='ltr'>profligatis</span> <span class='ocrx_word' id='word_1_40' title='bbox 1062 663 1106 706; x_wconf 91' lang='lat' dir='ltr'>in</span> <span class='ocrx_word' id='word_1_41' title='bbox 1130 662 1275 707; x_wconf 86' lang='lat' dir='ltr'>Africa</span> <span class='ocrx_word' id='word_1_42' title='bbox 1298 664 1427 706; x_wconf 88' lang='lat' dir='ltr'>rebus</span> <span class='ocrx_word' id='word_1_43' title='bbox 1442 699 1454 719; x_wconf 92' lang='lat'>,</span> 
     </span>
     <span class='ocr_line' id='line_1_7' title="bbox 70 743 1453 805; baseline -0.001 -17"><span class='ocrx_word' id='word_1_44' title='bbox 70 746 230 789; x_wconf 88' lang='lat' dir='ltr'>tradito</span> <span class='ocrx_word' id='word_1_45' title='bbox 266 746 545 805; x_wconf 76' lang='lat' dir='ltr'>Archagatho</span> <span class='ocrx_word' id='word_1_46' title='bbox 579 745 669 788; x_wconf 89' lang='lat' dir='ltr'>filio</span> <span class='ocrx_word' id='word_1_47' title='bbox 703 747 919 800; x_wconf 83' lang='lat' dir='ltr'>exercitu,</span> <span class='ocrx_word' id='word_1_48' title='bbox 950 746 994 788; x_wconf 91' lang='lat' dir='ltr'>in</span> <span class='ocrx_word' id='word_1_49' title='bbox 1024 743 1212 788; x_wconf 87' lang='lat' dir='ltr'>Siciliam</span> <span class='ocrx_word' id='word_1_50' title='bbox 1243 744 1453 799; x_wconf 78' lang='lat' dir='ltr'>recurrit,</span> 
     </span>
     <span class='ocr_line' id='line_1_8' title="bbox 69 822 1450 883; baseline -0.001 -16"><span class='ocrx_word' id='word_1_51' title='bbox 69 824 178 868; x_wconf 85' lang='lat' dir='ltr'>nihil</span> <span class='ocrx_word' id='word_1_52' title='bbox 211 834 359 868; x_wconf 90' lang='lat' dir='ltr'>actum</span> <span class='ocrx_word' id='word_1_53' title='bbox 391 825 434 866; x_wconf 90' lang='lat' dir='ltr'>in</span> <span class='ocrx_word' id='word_1_54' title='bbox 466 824 613 868; x_wconf 88' lang='lat' dir='ltr'>Africa</span> <span class='ocrx_word' id='word_1_55' title='bbox 645 825 919 880; x_wconf 83' lang='lat' dir='ltr'>existimans,</span> <span class='ocrx_word' id='word_1_56' title='bbox 947 825 981 867; x_wconf 90' lang='lat' dir='ltr'>si</span> <span class='ocrx_word' id='word_1_57' title='bbox 1015 822 1202 883; x_wconf 82' lang='lat' dir='ltr'>amplius</span> <span class='ocrx_word' id='word_1_58' title='bbox 1231 825 1450 883; x_wconf 83' lang='lat' dir='ltr'>Syracusae</span> 
     </span>
     <span class='ocr_line' id='line_1_9' title="bbox 67 903 1451 965; baseline -0.001 -18"><span class='ocrx_word' id='word_1_59' title='bbox 67 904 385 948; x_wconf 77' lang='lat' dir='ltr'>obsiderentur.</span> <span class='ocrx_word' id='word_1_60' title='bbox 418 904 532 947; x_wconf 88' lang='lat' dir='ltr'>Nam</span> <span class='ocrx_word' id='word_1_61' title='bbox 561 914 660 965; x_wconf 91' lang='lat' dir='ltr'>post</span> <span class='ocrx_word' id='word_1_62' title='bbox 687 905 880 948; x_wconf 89' lang='lat' dir='ltr'>occisum</span> <span class='ocrx_word' id='word_1_63' title='bbox 906 903 1223 959; x_wconf 78' lang='lat' dir='ltr'>Hamilcarem,</span> <span class='ocrx_word' id='word_1_64' title='bbox 1250 903 1451 947; x_wconf 88' lang='lat' dir='ltr'>Gisconis</span> 
     </span>
     <span class='ocr_line' id='line_1_10' title="bbox 68 983 1450 1039; baseline -0.001 -12"><span class='ocrx_word' id='word_1_65' title='bbox 68 983 228 1039; x_wconf 83' lang='lat' dir='ltr'>filium,</span> <span class='ocrx_word' id='word_1_66' title='bbox 252 1001 392 1027; x_wconf 83' lang='lat' dir='ltr'>novus</span> <span class='ocrx_word' id='word_1_67' title='bbox 416 1000 467 1028; x_wconf 88' lang='lat' dir='ltr'>eo</span> <span class='ocrx_word' id='word_1_68' title='bbox 487 1001 510 1027; x_wconf 87' lang='lat' dir='ltr'>a</span> <span class='ocrx_word' id='word_1_69' title='bbox 530 985 673 1028; x_wconf 89' lang='lat' dir='ltr'>Poenis</span> <span class='ocrx_word' id='word_1_70' title='bbox 693 985 848 1028; x_wconf 89' lang='lat' dir='ltr'>missus</span> <span class='ocrx_word' id='word_1_71' title='bbox 874 985 1090 1028; x_wconf 81' lang='lat' dir='ltr'>exercitus</span> <span class='ocrx_word' id='word_1_72' title='bbox 1115 983 1270 1026; x_wconf 86' lang='lat' dir='ltr'>fuerat.</span> <span class='ocrx_word' id='word_1_73' title='bbox 1295 983 1450 1027; x_wconf 82' lang='lat' dir='ltr'>Statim</span> 
     </span>
     <span class='ocr_line' id='line_1_11' title="bbox 66 1062 1452 1125; baseline -0.001 -18"><span class='ocrx_word' id='word_1_74' title='bbox 66 1065 202 1124; x_wconf 83' lang='lat' dir='ltr'>igitur</span> <span class='ocrx_word' id='word_1_75' title='bbox 230 1065 371 1125; x_wconf 89' lang='lat' dir='ltr'>primo</span> <span class='ocrx_word' id='word_1_76' title='bbox 401 1064 592 1108; x_wconf 83' lang='lat' dir='ltr'>adventu</span> <span class='ocrx_word' id='word_1_77' title='bbox 621 1066 713 1125; x_wconf 88' lang='lat' dir='ltr'>ejus</span> <span class='ocrx_word' id='word_1_78' title='bbox 740 1081 892 1108; x_wconf 87' lang='lat' dir='ltr'>omnes</span> <span class='ocrx_word' id='word_1_79' title='bbox 921 1063 1078 1108; x_wconf 85' lang='lat' dir='ltr'>Siciliae</span> <span class='ocrx_word' id='word_1_80' title='bbox 1109 1063 1263 1118; x_wconf 84' lang='lat' dir='ltr'>urbes,</span> <span class='ocrx_word' id='word_1_81' title='bbox 1293 1062 1452 1106; x_wconf 87' lang='lat' dir='ltr'>auditis</span> 
     </span>
     <span class='ocr_line' id='line_1_12' title="bbox 65 1141 1450 1204; baseline -0.002 -17"><span class='ocrx_word' id='word_1_82' title='bbox 65 1144 194 1187; x_wconf 86' lang='lat' dir='ltr'>rebus</span> <span class='ocrx_word' id='word_1_83' title='bbox 225 1160 332 1203; x_wconf 85' lang='lat' dir='ltr'>quas</span> <span class='ocrx_word' id='word_1_84' title='bbox 367 1144 410 1186; x_wconf 90' lang='lat' dir='ltr'>in</span> <span class='ocrx_word' id='word_1_85' title='bbox 439 1143 586 1188; x_wconf 82' lang='lat' dir='ltr'>Africa</span> <span class='ocrx_word' id='word_1_86' title='bbox 615 1154 833 1204; x_wconf 79' lang='lat' dir='ltr'>gesserat,</span> <span class='ocrx_word' id='word_1_87' title='bbox 865 1144 1063 1187; x_wconf 81' lang='lat' dir='ltr'>certatim</span> <span class='ocrx_word' id='word_1_88' title='bbox 1094 1159 1138 1186; x_wconf 89' lang='lat' dir='ltr'>se</span> <span class='ocrx_word' id='word_1_89' title='bbox 1170 1143 1208 1186; x_wconf 88' lang='lat' dir='ltr'>ei</span> <span class='ocrx_word' id='word_1_90' title='bbox 1238 1141 1450 1185; x_wconf 88' lang='lat' dir='ltr'>tradunt:</span> 
     </span>
     <span class='ocr_line' id='line_1_13' title="bbox 64 1222 1448 1284; baseline -0.004 -16"><span class='ocrx_word' id='word_1_91' title='bbox 64 1235 195 1284; x_wconf 86' lang='lat' dir='ltr'>atque</span> <span class='ocrx_word' id='word_1_92' title='bbox 223 1226 280 1267; x_wconf 89' lang='lat' dir='ltr'>ita</span> <span class='ocrx_word' id='word_1_93' title='bbox 305 1224 440 1284; x_wconf 89' lang='lat' dir='ltr'>pulsis</span> <span class='ocrx_word' id='word_1_94' title='bbox 466 1240 490 1267; x_wconf 90' lang='lat' dir='ltr'>e</span> <span class='ocrx_word' id='word_1_95' title='bbox 515 1223 663 1267; x_wconf 87' lang='lat' dir='ltr'>Sicilia</span> <span class='ocrx_word' id='word_1_96' title='bbox 686 1225 853 1280; x_wconf 79' lang='lat' dir='ltr'>Poenis,</span> <span class='ocrx_word' id='word_1_97' title='bbox 883 1224 1015 1267; x_wconf 89' lang='lat' dir='ltr'>totius</span> <span class='ocrx_word' id='word_1_98' title='bbox 1041 1222 1194 1266; x_wconf 87' lang='lat' dir='ltr'>insulae</span> <span class='ocrx_word' id='word_1_99' title='bbox 1219 1222 1448 1281; x_wconf 89' lang='lat' dir='ltr'>imperium</span> 
     </span>
     <span class='ocr_line' id='line_1_14' title="bbox 64 1299 1447 1365; baseline -0.004 -17"><span class='ocrx_word' id='word_1_100' title='bbox 64 1305 308 1365; x_wconf 88' lang='lat' dir='ltr'>occupavit.</span> <span class='ocrx_word' id='word_1_101' title='bbox 329 1307 379 1348; x_wconf 91' lang='lat' dir='ltr'>In</span> <span class='ocrx_word' id='word_1_102' title='bbox 397 1303 591 1348; x_wconf 83' lang='lat' dir='ltr'>Africam</span> <span class='ocrx_word' id='word_1_103' title='bbox 611 1303 769 1346; x_wconf 88' lang='lat' dir='ltr'>deinde</span> <span class='ocrx_word' id='word_1_104' title='bbox 788 1319 1008 1357; x_wconf 87' lang='lat' dir='ltr'>reversus,</span> <span class='ocrx_word' id='word_1_105' title='bbox 1030 1301 1242 1346; x_wconf 86' lang='lat' dir='ltr'>seditione</span> <span class='ocrx_word' id='word_1_106' title='bbox 1263 1299 1447 1344; x_wconf 87' lang='lat' dir='ltr'>militum</span> 
     </span>
     <span class='ocr_line' id='line_1_15' title="bbox 63 1380 1450 1444; baseline -0.004 -17"><span class='ocrx_word' id='word_1_107' title='bbox 63 1385 293 1444; x_wconf 76' lang='lat' dir='ltr'>excipitur.</span> <span class='ocrx_word' id='word_1_108' title='bbox 317 1384 432 1428; x_wconf 88' lang='lat' dir='ltr'>Nam</span> <span class='ocrx_word' id='word_1_109' title='bbox 457 1383 780 1444; x_wconf 87' lang='lat' dir='ltr'>stipendiorum</span> <span class='ocrx_word' id='word_1_110' title='bbox 805 1382 967 1426; x_wconf 89' lang='lat' dir='ltr'>solutio</span> <span class='ocrx_word' id='word_1_111' title='bbox 990 1383 1035 1425; x_wconf 87' lang='lat' dir='ltr'>in</span> <span class='ocrx_word' id='word_1_112' title='bbox 1058 1381 1295 1425; x_wconf 88' lang='lat' dir='ltr'>adventum</span> <span class='ocrx_word' id='word_1_113' title='bbox 1316 1380 1450 1440; x_wconf 86' lang='lat' dir='ltr'>patris</span> 
     </span>
     <span class='ocr_line' id='line_1_16' title="bbox 64 1458 1451 1525; baseline -0.004 -18"><span class='ocrx_word' id='word_1_114' title='bbox 64 1463 197 1508; x_wconf 89' lang='lat' dir='ltr'>dilata</span> <span class='ocrx_word' id='word_1_115' title='bbox 220 1480 244 1507; x_wconf 90' lang='lat' dir='ltr'>a</span> <span class='ocrx_word' id='word_1_116' title='bbox 268 1462 358 1507; x_wconf 85' lang='lat' dir='ltr'>filio</span> <span class='ocrx_word' id='word_1_117' title='bbox 382 1463 537 1507; x_wconf 88' lang='lat' dir='ltr'>fuerat.</span> <span class='ocrx_word' id='word_1_118' title='bbox 569 1464 731 1525; x_wconf 83' lang='lat' dir='ltr'>Igitur,</span> <span class='ocrx_word' id='word_1_119' title='bbox 759 1462 815 1506; x_wconf 88' lang='lat' dir='ltr'>ad</span> <span class='ocrx_word' id='word_1_120' title='bbox 841 1463 1098 1506; x_wconf 87' lang='lat' dir='ltr'>concionem</span> <span class='ocrx_word' id='word_1_121' title='bbox 1124 1470 1302 1504; x_wconf 89' lang='lat' dir='ltr'>vocatos</span> <span class='ocrx_word' id='word_1_122' title='bbox 1327 1458 1451 1502; x_wconf 89' lang='lat' dir='ltr'>blan-</span> 
     </span>
     <span class='ocr_line' id='line_1_17' title="bbox 65 1539 1451 1604; baseline -0.004 -17"><span class='ocrx_word' id='word_1_123' title='bbox 65 1544 131 1587; x_wconf 88' lang='lat' dir='ltr'>dis</span> <span class='ocrx_word' id='word_1_124' title='bbox 151 1544 296 1587; x_wconf 88' lang='lat' dir='ltr'>verbis</span> <span class='ocrx_word' id='word_1_125' title='bbox 319 1541 550 1604; x_wconf 87' lang='lat' dir='ltr'>permulsit</span> <span class='ocrx_word' id='word_1_126' title='bbox 571 1559 579 1586; x_wconf 93' lang='lat'>:</span> <span class='ocrx_word' id='word_1_127' title='bbox 602 1562 622 1583; x_wconf 87' lang='lat'>«</span> <span class='ocrx_word' id='word_1_128' title='bbox 639 1541 867 1603; x_wconf 82' lang='lat' dir='ltr'>Stipendia</span> <span class='ocrx_word' id='word_1_129' title='bbox 886 1541 969 1585; x_wconf 88' lang='lat' dir='ltr'>illis</span> <span class='ocrx_word' id='word_1_130' title='bbox 988 1558 1077 1584; x_wconf 90' lang='lat' dir='ltr'>non</span> <span class='ocrx_word' id='word_1_131' title='bbox 1103 1557 1127 1584; x_wconf 89' lang='lat' dir='ltr'>a</span> <span class='ocrx_word' id='word_1_132' title='bbox 1149 1557 1192 1584; x_wconf 89' lang='lat' dir='ltr'>se</span> <span class='ocrx_word' id='word_1_133' title='bbox 1215 1539 1451 1600; x_wconf 86' lang='lat' dir='ltr'>flagitanda</span> 
     </span>
     <span class='ocr_line' id='line_1_18' title="bbox 62 1619 1450 1683; baseline -0.004 -17"><span class='ocrx_word' id='word_1_134' title='bbox 62 1640 178 1678; x_wconf 88' lang='lat' dir='ltr'>esse,</span> <span class='ocrx_word' id='word_1_135' title='bbox 216 1623 290 1666; x_wconf 89' lang='lat' dir='ltr'>sed</span> <span class='ocrx_word' id='word_1_136' title='bbox 327 1623 379 1666; x_wconf 88' lang='lat' dir='ltr'>ab</span> <span class='ocrx_word' id='word_1_137' title='bbox 417 1623 542 1666; x_wconf 87' lang='lat' dir='ltr'>hoste</span> <span class='ocrx_word' id='word_1_138' title='bbox 578 1621 815 1683; x_wconf 78' lang='lat' dir='ltr'>quaerenda</span> <span class='ocrx_word' id='word_1_139' title='bbox 846 1639 854 1665; x_wconf 91' lang='lat'>:</span> <span class='ocrx_word' id='word_1_140' title='bbox 885 1636 1164 1666; x_wconf 89' lang='lat' dir='ltr'>communem</span> <span class='ocrx_word' id='word_1_141' title='bbox 1196 1619 1450 1675; x_wconf 81' lang='lat' dir='ltr'>victoriam,</span> 
     </span>
     <span class='ocr_line' id='line_1_19' title="bbox 62 1700 1449 1763; baseline -0.003 -17"><span class='ocrx_word' id='word_1_142' title='bbox 62 1719 343 1747; x_wconf 88' lang='lat' dir='ltr'>communem</span> <span class='ocrx_word' id='word_1_143' title='bbox 364 1702 577 1763; x_wconf 78' lang='lat' dir='ltr'>praedam,</span> <span class='ocrx_word' id='word_1_144' title='bbox 602 1702 810 1746; x_wconf 88' lang='lat' dir='ltr'>futuram.</span> <span class='ocrx_word' id='word_1_145' title='bbox 834 1700 1022 1746; x_wconf 90' lang='lat' dir='ltr'>Paulum</span> <span class='ocrx_word' id='word_1_146' title='bbox 1045 1700 1178 1744; x_wconf 92' lang='lat' dir='ltr'>modo</span> <span class='ocrx_word' id='word_1_147' title='bbox 1201 1700 1449 1743; x_wconf 89' lang='lat' dir='ltr'>adniteren-</span> 
     </span>
     <span class='ocr_line' id='line_1_20' title="bbox 61 1779 1449 1843; baseline -0.003 -17"><span class='ocrx_word' id='word_1_148' title='bbox 61 1793 150 1839; x_wconf 87' lang='lat' dir='ltr'>tur,</span> <span class='ocrx_word' id='word_1_149' title='bbox 170 1782 275 1826; x_wconf 91' lang='lat' dir='ltr'>dum</span> <span class='ocrx_word' id='word_1_150' title='bbox 293 1781 397 1825; x_wconf 88' lang='lat' dir='ltr'>belli</span> <span class='ocrx_word' id='word_1_151' title='bbox 417 1781 612 1843; x_wconf 80' lang='lat' dir='ltr'>reliquiae</span> <span class='ocrx_word' id='word_1_152' title='bbox 628 1792 911 1843; x_wconf 81' lang='lat' dir='ltr'>peragantur,</span> <span class='ocrx_word' id='word_1_153' title='bbox 928 1797 1065 1841; x_wconf 88' lang='lat' dir='ltr'>quum</span> <span class='ocrx_word' id='word_1_154' title='bbox 1087 1781 1242 1836; x_wconf 89' lang='lat' dir='ltr'>sciant,</span> <span class='ocrx_word' id='word_1_155' title='bbox 1265 1779 1449 1824; x_wconf 89' lang='lat' dir='ltr'>Cartha-</span> 
     </span>
     <span class='ocr_line' id='line_1_21' title="bbox 61 1858 1448 1926; baseline -0.004 -20"><span class='ocrx_word' id='word_1_156' title='bbox 61 1863 207 1923; x_wconf 86' lang='lat' dir='ltr'>ginem</span> <span class='ocrx_word' id='word_1_157' title='bbox 229 1872 402 1923; x_wconf 87' lang='lat' dir='ltr'>captam</span> <span class='ocrx_word' id='word_1_158' title='bbox 422 1878 518 1926; x_wconf 88' lang='lat' dir='ltr'>spes</span> <span class='ocrx_word' id='word_1_159' title='bbox 537 1863 735 1905; x_wconf 87' lang='lat' dir='ltr'>omnium</span> <span class='ocrx_word' id='word_1_160' title='bbox 753 1861 1038 1922; x_wconf 82' lang='lat' dir='ltr'>expleturam.</span> <span class='ocrx_word' id='word_1_161' title='bbox 1054 1879 1075 1901; x_wconf 70' lang='lat'>&gt;³</span> <span class='ocrx_word' id='word_1_162' title='bbox 1093 1859 1254 1904; x_wconf 88' lang='lat' dir='ltr'>Sedato</span> <span class='ocrx_word' id='word_1_163' title='bbox 1270 1858 1448 1902; x_wconf 87' lang='lat' dir='ltr'>militari</span> 
     </span>
     <span class='ocr_line' id='line_1_22' title="bbox 62 1940 1449 2002; baseline -0.002 -17"><span class='ocrx_word' id='word_1_164' title='bbox 62 1941 277 1997; x_wconf 85' lang='lat' dir='ltr'>tumultu,</span> <span class='ocrx_word' id='word_1_165' title='bbox 303 1942 543 2002; x_wconf 87' lang='lat' dir='ltr'>interjectis</span> <span class='ocrx_word' id='word_1_166' title='bbox 571 1941 723 1985; x_wconf 90' lang='lat' dir='ltr'>diebus</span> <span class='ocrx_word' id='word_1_167' title='bbox 748 1942 802 1985; x_wconf 87' lang='lat' dir='ltr'>ad</span> <span class='ocrx_word' id='word_1_168' title='bbox 829 1952 970 1985; x_wconf 82' lang='lat' dir='ltr'>castra</span> <span class='ocrx_word' id='word_1_169' title='bbox 995 1941 1188 1985; x_wconf 91' lang='lat' dir='ltr'>hostium</span> <span class='ocrx_word' id='word_1_170' title='bbox 1210 1940 1449 1983; x_wconf 84' lang='lat' dir='ltr'>exercitum</span> 
     </span>
     <span class='ocr_line' id='line_1_23' title="bbox 63 2020 1446 2082; baseline -0.001 -18"><span class='ocrx_word' id='word_1_171' title='bbox 63 2022 184 2066; x_wconf 89' lang='lat' dir='ltr'>ducit</span> <span class='ocrx_word' id='word_1_172' title='bbox 208 2039 217 2065; x_wconf 91' lang='lat'><strong>:</strong></span> <span class='ocrx_word' id='word_1_173' title='bbox 245 2022 305 2065; x_wconf 90' lang='lat' dir='ltr'>ibi</span> <span class='ocrx_word' id='word_1_174' title='bbox 329 2021 619 2066; x_wconf 88' lang='lat' dir='ltr'>inconsultius</span> <span class='ocrx_word' id='word_1_175' title='bbox 645 2021 847 2082; x_wconf 88' lang='lat' dir='ltr'>proelium</span> <span class='ocrx_word' id='word_1_176' title='bbox 874 2020 1211 2075; x_wconf 88' lang='lat' dir='ltr'>committendo,</span> <span class='ocrx_word' id='word_1_177' title='bbox 1238 2020 1446 2080; x_wconf 88' lang='lat' dir='ltr'>majorem</span> 
     </span>
     <span class='ocr_line' id='line_1_24' title="bbox 62 2100 1447 2162; baseline -0.001 -18"><span class='ocrx_word' id='word_1_178' title='bbox 62 2111 231 2161; x_wconf 86' lang='lat' dir='ltr'>partem</span> <span class='ocrx_word' id='word_1_179' title='bbox 258 2102 474 2145; x_wconf 84' lang='lat' dir='ltr'>exercitus</span> <span class='ocrx_word' id='word_1_180' title='bbox 498 2102 704 2162; x_wconf 89' lang='lat' dir='ltr'>perdidit.</span> <span class='ocrx_word' id='word_1_181' title='bbox 729 2103 881 2159; x_wconf 87' lang='lat' dir='ltr'>Quum</span> <span class='ocrx_word' id='word_1_182' title='bbox 910 2104 1054 2162; x_wconf 87' lang='lat' dir='ltr'>itaque</span> <span class='ocrx_word' id='word_1_183' title='bbox 1080 2103 1124 2145; x_wconf 89' lang='lat' dir='ltr'>in</span> <span class='ocrx_word' id='word_1_184' title='bbox 1149 2111 1288 2145; x_wconf 84' lang='lat' dir='ltr'>castra</span> <span class='ocrx_word' id='word_1_185' title='bbox 1310 2100 1447 2161; x_wconf 85' lang='lat' dir='ltr'>fugis·-</span> 
     </span>
     <span class='ocr_line' id='line_1_25' title="bbox 60 2179 1446 2240; baseline -0.001 -16"><span class='ocrx_word' id='word_1_186' title='bbox 60 2191 141 2237; x_wconf 90' lang='lat' dir='ltr'>set,</span> <span class='ocrx_word' id='word_1_187' title='bbox 169 2197 428 2240; x_wconf 85' lang='lat' dir='ltr'>versamque</span> <span class='ocrx_word' id='word_1_188' title='bbox 454 2182 497 2224; x_wconf 92' lang='lat' dir='ltr'>in</span> <span class='ocrx_word' id='word_1_189' title='bbox 523 2198 565 2224; x_wconf 89' lang='lat' dir='ltr'>se</span> <span class='ocrx_word' id='word_1_190' title='bbox 588 2182 798 2225; x_wconf 87' lang='lat' dir='ltr'>invidiam</span> <span class='ocrx_word' id='word_1_191' title='bbox 825 2193 988 2226; x_wconf 86' lang='lat' dir='ltr'>temere</span> <span class='ocrx_word' id='word_1_192' title='bbox 1011 2182 1231 2225; x_wconf 87' lang='lat' dir='ltr'>commissi</span> <span class='ocrx_word' id='word_1_193' title='bbox 1253 2179 1356 2224; x_wconf 91' lang='lat' dir='ltr'>belli</span> <span class='ocrx_word' id='word_1_194' title='bbox 1380 2181 1446 2223; x_wconf 88' lang='lat' dir='ltr'>vi-</span> 
     </span>
     <span class='ocr_line' id='line_1_26' title="bbox 60 2260 1445 2323; baseline 0.001 -20"><span class='ocrx_word' id='word_1_195' title='bbox 60 2260 201 2316; x_wconf 89' lang='lat' dir='ltr'>deret,</span> <span class='ocrx_word' id='word_1_196' title='bbox 229 2260 550 2320; x_wconf 87' lang='lat' dir='ltr'>pristinamque</span> <span class='ocrx_word' id='word_1_197' title='bbox 574 2261 782 2304; x_wconf 86' lang='lat' dir='ltr'>offensam</span> <span class='ocrx_word' id='word_1_198' title='bbox 811 2279 899 2305; x_wconf 87' lang='lat' dir='ltr'>non</span> <span class='ocrx_word' id='word_1_199' title='bbox 925 2261 1104 2323; x_wconf 87' lang='lat' dir='ltr'>depensi</span> <span class='ocrx_word' id='word_1_200' title='bbox 1132 2260 1337 2321; x_wconf 88' lang='lat' dir='ltr'>stipendii</span> <span class='ocrx_word' id='word_1_201' title='bbox 1357 2277 1445 2305; x_wconf 86' lang='lat' dir='ltr'>me-</span> 
     </span>
     <span class='ocr_line' id='line_1_27' title="bbox 60 2339 1445 2402; baseline 0.001 -20"><span class='ocrx_word' id='word_1_202' title='bbox 60 2350 226 2393; x_wconf 81' lang='lat' dir='ltr'>tueret,</span> <span class='ocrx_word' id='word_1_203' title='bbox 256 2339 470 2383; x_wconf 87' lang='lat' dir='ltr'>concubia</span> <span class='ocrx_word' id='word_1_204' title='bbox 498 2350 625 2383; x_wconf 89' lang='lat' dir='ltr'>nocte</span> <span class='ocrx_word' id='word_1_205' title='bbox 656 2339 774 2383; x_wconf 83' lang='lat' dir='ltr'>solus</span> <span class='ocrx_word' id='word_1_206' title='bbox 801 2357 825 2383; x_wconf 91' lang='lat' dir='ltr'>a</span> <span class='ocrx_word' id='word_1_207' title='bbox 855 2342 1006 2384; x_wconf 89' lang='lat' dir='ltr'>castris</span> <span class='ocrx_word' id='word_1_208' title='bbox 1037 2357 1137 2384; x_wconf 91' lang='lat' dir='ltr'>cum</span> <span class='ocrx_word' id='word_1_209' title='bbox 1165 2340 1445 2402; x_wconf 86' lang='lat' dir='ltr'>Archagatho</span> 
     </span>
     <span class='ocr_line' id='line_1_28' title="bbox 60 2418 1445 2481; baseline 0.003 -20"><span class='ocrx_word' id='word_1_210' title='bbox 60 2418 148 2462; x_wconf 80' lang='lat' dir='ltr'>filio</span> <span class='ocrx_word' id='word_1_211' title='bbox 174 2419 382 2479; x_wconf 86' lang='lat' dir='ltr'>profugit.</span> <span class='ocrx_word' id='word_1_212' title='bbox 410 2419 544 2476; x_wconf 84' lang='lat' dir='ltr'>Quod</span> <span class='ocrx_word' id='word_1_213' title='bbox 570 2420 645 2464; x_wconf 89' lang='lat' dir='ltr'>ubi</span> <span class='ocrx_word' id='word_1_214' title='bbox 672 2419 830 2463; x_wconf 88' lang='lat' dir='ltr'>milites</span> <span class='ocrx_word' id='word_1_215' title='bbox 857 2437 1127 2481; x_wconf 79' lang='lat' dir='ltr'>cognovere,</span> <span class='ocrx_word' id='word_1_216' title='bbox 1155 2420 1272 2465; x_wconf 90' lang='lat' dir='ltr'>haud</span> <span class='ocrx_word' id='word_1_217' title='bbox 1299 2437 1445 2477; x_wconf 86' lang='lat' dir='ltr'>secus,</span> 
     </span>
     <span class='ocr_line' id='line_1_29' title="bbox 61 2499 1445 2562; baseline 0.001 -19"><span class='ocrx_word' id='word_1_218' title='bbox 61 2515 194 2559; x_wconf 88' lang='lat' dir='ltr'>quam</span> <span class='ocrx_word' id='word_1_219' title='bbox 226 2499 260 2541; x_wconf 88' lang='lat' dir='ltr'>si</span> <span class='ocrx_word' id='word_1_220' title='bbox 290 2499 343 2541; x_wconf 88' lang='lat' dir='ltr'>ab</span> <span class='ocrx_word' id='word_1_221' title='bbox 376 2499 499 2542; x_wconf 83' lang='lat' dir='ltr'>hoste</span> <span class='ocrx_word' id='word_1_222' title='bbox 533 2501 646 2559; x_wconf 88' lang='lat' dir='ltr'>eapti</span> <span class='ocrx_word' id='word_1_223' title='bbox 679 2511 848 2557; x_wconf 86' lang='lat' dir='ltr'>essent,</span> <span class='ocrx_word' id='word_1_224' title='bbox 876 2502 1150 2562; x_wconf 81' lang='lat' dir='ltr'>trepidavere</span> <span class='ocrx_word' id='word_1_225' title='bbox 1181 2519 1190 2544; x_wconf 76' lang='grc' dir='ltr'>ε</span> <span class='ocrx_word' id='word_1_226' title='bbox 1218 2503 1322 2546; x_wconf 82' lang='lat' dir='ltr'>«Bis</span> <span class='ocrx_word' id='word_1_227' title='bbox 1351 2518 1395 2545; x_wconf 90' lang='lat' dir='ltr'>se</span> <span class='ocrx_word' id='word_1_228' title='bbox 1421 2518 1445 2545; x_wconf 90' lang='lat' dir='ltr'>a</span> 
     </span>
     <span class='ocr_line' id='line_1_30' title="bbox 59 2578 1443 2641; baseline 0.002 -19"><span class='ocrx_word' id='word_1_229' title='bbox 59 2596 160 2640; x_wconf 85' lang='lat' dir='ltr'>rege</span> <span class='ocrx_word' id='word_1_230' title='bbox 182 2596 260 2623; x_wconf 91' lang='lat' dir='ltr'>suo</span> <span class='ocrx_word' id='word_1_231' title='bbox 284 2580 326 2621; x_wconf 89' lang='lat' dir='ltr'>in</span> <span class='ocrx_word' id='word_1_232' title='bbox 346 2578 497 2622; x_wconf 75' lang='lat' dir='ltr'>mediis</span> <span class='ocrx_word' id='word_1_233' title='bbox 518 2579 717 2623; x_wconf 87' lang='lat' dir='ltr'>hostibus</span> <span class='ocrx_word' id='word_1_234' title='bbox 738 2580 911 2624; x_wconf 87' lang='lat' dir='ltr'>relictos</span> <span class='ocrx_word' id='word_1_235' title='bbox 931 2598 1041 2637; x_wconf 88' lang='lat' dir='ltr'>esse,</span> <span class='ocrx_word' id='word_1_236' title='bbox 1056 2602 1075 2623; x_wconf 86' lang='lat'>»</span> <span class='ocrx_word' id='word_1_237' title='bbox 1095 2581 1443 2641; x_wconf 85' lang='lat' dir='ltr'>proclamantes:</span> 
     </span>
     <span class='ocr_line' id='line_1_31' title="bbox 60 2658 1444 2720; baseline 0.002 -18"><span class='ocrx_word' id='word_1_238' title='bbox 60 2658 367 2719; x_wconf 69' lang='lat' dir='ltr'>«salutemque</span> <span class='ocrx_word' id='word_1_239' title='bbox 391 2676 512 2702; x_wconf 89' lang='lat' dir='ltr'>suam</span> <span class='ocrx_word' id='word_1_240' title='bbox 538 2661 750 2704; x_wconf 83' lang='lat' dir='ltr'>desertam</span> <span class='ocrx_word' id='word_1_241' title='bbox 780 2660 832 2704; x_wconf 89' lang='lat' dir='ltr'>ab</span> <span class='ocrx_word' id='word_1_242' title='bbox 863 2677 913 2704; x_wconf 91' lang='lat' dir='ltr'>eo</span> <span class='ocrx_word' id='word_1_243' title='bbox 945 2678 1056 2717; x_wconf 87' lang='lat' dir='ltr'>esse,</span> <span class='ocrx_word' id='word_1_244' title='bbox 1085 2678 1274 2720; x_wconf 87' lang='lat' dir='ltr'>quorum</span> <span class='ocrx_word' id='word_1_245' title='bbox 1298 2679 1352 2705; x_wconf 89' lang='lat' dir='ltr'>ne</span> <span class='ocrx_word' id='word_1_246' title='bbox 1380 2678 1444 2705; x_wconf 89' lang='lat' dir='ltr'>se-</span> 
     </span>
    </p>
   </div>
  </div>
 </body>
</html>
