1783 3282
623 277 812 311 LIBRUM
840 277 904 309 VI.
1371 279 1442 315 205

141 363 279 408 Lydioe.
299 360 433 407 Lydia,
453 363 574 405 Λυδία,
597 360 685 394 Asiae
708 360 866 395 Minoris
893 361 1018 409 regio,
1039 377 1117 410 quae
1139 364 1246 399 etiam
1269 366 1447 408 Maeonia,

83 429 239 465 Momm„
259 422 355 455 dicta
375 421 462 463 fuit,
480 422 700 465 Ptolemaeo,
719 422 914 457 Herodoto
940 429 975 456 et
1000 424 1122 458 Plinio
1144 426 1446 461 contestantibus.

85 483 206 526 Lydia
227 494 245 515 a
267 484 398 531 λύγδος,
424 481 558 527 lapidis
586 492 700 527 genus
732 482 904 517 candoris
931 482 1078 525 eX1mii,
1105 484 1204 519 unde
1230 488 1333 527 >5182oe
1353 493 1449 530 λίθος,

84 541 176 587 lapis
196 541 274 575 auri
293 542 490 587 probator,
510 541 657 588 gallice,
670 542 800 589 pierre
820 544 866 577 de
887 542 1028 577 touche.
1049 543 1109 578 Sic
1131 544 1281 587 Sardes,
1303 548 1450 596 Σάρδεις,

82 601 206 648 Lydiae
225 609 333 648 caput
345 629 354 644 ,
368 609 402 636 et
417 605 544 652 σάρδιος
561 608 654 647 λίθος,
669 603 827 647 sardius,
838 615 998 650 gemma,
1013 610 1048 638 et
1059 606 1214 653 σαρδόνυξ
1226 636 1233 649 ‚
1247 606 1431 652 sardonyx
1441 632 1450 645 ,

85 662 196 696 altera
223 674 383 708 gemma,
409 675 429 697 a
448 665 577 713 σάρδιος
599 671 634 698 et
653 669 741 709 ὄνυξ,
781 676 891 710 quem
923 665 1048 699 colore
1081 664 1255 698 imitatur.
1288 665 1451 699 Maeonia

86 729 207 757 autem
230 735 250 757 a
272 730 387 770 Μαῖα,
407 723 607 766 obstetrix,
626 724 773 768 nutrix,
795 724 898 768 avia,
916 736 1048 771 magna
1069 731 1203 767 mater,
1223 731 1340 758 mater
1352 726 1452 758 Mer-

85 783 194 825 curii,
217 783 345 818 eadem
369 796 410 818 ac
433 784 640 818 Leucothea
659 785 719 819 vel
743 785 841 818 Alba
866 785 953 828 dea,
972 792 1007 819 et
1026 786 1146 819 Mater
1159 786 1277 819 Deum
1299 796 1361 819 seu
1378 786 1452 818 Dea

86 843 216 890 Syriae,
237 856 315 889 qua²
343 851 378 878 et
398 844 437 877 in
460 844 620 878 Maeonia
634 856 708 882 vseu
732 844 849 890 Lydia
871 845 1071 879 colebatur.

139 905 220 937 Gn».
243 905 306 938 IV.
328 904 607 939 Pharnabazus.
628 904 820 939 Mindarus
839 912 892 940 est
911 906 985 940 dux
997 906 1281 952 Spartanorum,
1293 906 1455 940 Pharna-

86 965 197 999 bazus
234 971 363 999 contra
392 967 584 1000 Persarum
620 972 774 1012 satrapa.
801 966 983 1001 Persicum
1014 966 1125 1012 igitur
1146 966 1244 1000 hunc
1275 973 1456 1012 satrapam

86 1025 211 1060 nescio
235 1038 347 1072 quare
369 1026 500 1060 ducem
519 1026 885 1061 Lacedaemoniorum
905 1028 1066 1074 appellet
1083 1034 1233 1061 auctor:
1257 1026 1396 1061 socium
1423 1034 1458 1061 et

88 1086 245 1120 amicum
261 1086 393 1120 rectius
413 1086 583 1130 dixisset,
603 1087 653 1121 ait
666 1088 842 1134 Bongars.
861 1088 999 1122 Eorum
1018 1087 1170 1121 nomina
1190 1085 1458 1134 significatione

89 1154 332 1194 opponuntur
351 1160 357 1181 ε
378 1147 575 1182 M'ndams
600 1147 699 1182 enim
713 1160 851 1183 nomen
870 1161 888 1182 a
910 1151 1040 1198 μωὸός,
1066 1155 1207 1191 mutus,
1226 1148 1324 1182 idem
1344 1155 1398 1182 est
1417 1160 1458 1182 ac

89 1213 223 1253 ἅῧαζος,
244 1216 380 1252 mutus;
401 1209 675 1245 Pharnabazus
693 1217 823 1245 contra
848 1224 867 1245 a
891 1216 1000 1260 φερνή,
1019 1210 1103 1253 dos,
1125 1211 1183 1244 vel
1213 1217 1307 1260 φρήν,
1335 1222 1458 1253 mens,

89 1276 124 1303 et
148 1276 253 1315 βάζω,
279 1271 432 1316 loquor,
451 1271 654 1314 vaticinor,
684 1277 786 1317 βάξις,
808 1271 921 1314 fama,
949 1284 1088 1315 sermo,
1107 1271 1339 1313 vaticinium,
1358 1283 1460 1304 suam

90 1330 272 1377 originem
308 1330 440 1374 habet,
464 1331 556 1365 sicut
573 1331 826 1378 flIegabazus,
872 1332 1082 1374 Tin'bazus,
1116 1339 1151 1366 et
1185 1331 1254 1366 alia
1289 1330 1439 1365 nomina
1452 1358 1460 1373 ‚

89 1404 168 1438 quae
192 1392 368 1426 hactenus
405 1391 544 1437 persica
575 1392 809 1438 putabantur.

564 1515 626 1550 IN
656 1516 884 1550 LIBRUM
914 1517 981 1550 VI.

144 1637 226 1671 CAP.
246 1630 293 1671 1'1.
321 1638 419 1685 Rege
437 1638 593 1684 AEgyptc'
610 1638 851 1683 Hercym'one.
866 1637 1018 1672 Veteres
1045 1637 1104 1672 hic
1123 1637 1265 1672 variant
1285 1651 1292 1671 ε
1313 1636 1461 1684 quidam

92 1698 304 1731 [Uertint'oni
313 1725 324 1740 ,
341 1698 402 1732 alii
417 1699 651 1740 Mercimom',
669 1698 730 1731 alii
744 1699 973 1733 Inercilu'om'.
995 1699 1211 1733 Hercim'one
1222 1698 1334 1732 habet
1354 1698 1463 1732 etiam

93 1758 266 1801 Orosius,
290 1771 357 1801 111,
388 1771 417 1792 1.
439 1760 548 1793 Forte
570 1759 788 1805 legendum,
814 1767 850 1793 ut
878 1772 985 1806 supra
1019 1760 1250 1805 Dercyllides
1275 1771 1344 1805 pro
1368 1760 1464 1792 Her—

92 1820 249 1864 ‹ylz'des‚
274 1821 501 1865 Dercyniom’
514 1832 583 1866 pro
598 1821 846 1867 Hercynione,
861 1834 880 1855 a
895 1824 1058 1870 ὃερχευνής
1068 1852 1076 1866 ‚
1089 1820 1185 1854 inter
1203 1819 1464 1854 dormiendum

92 1880 241 1922 videns,
268 1880 359 1914 sicut
386 1882 489 1928 lepus
519 1881 583 1928 qui
612 1882 728 1916 oculis
758 1882 892 1928 apertis
915 1881 1070 1924 dormit,
1096 1881 1188 1915 sicut
1214 1881 1344 1924 draco,
1367 1880 1465 1926 cujus

92 1953 228 1976 nomen
259 1953 408 1989 quoque
441 1955 461 1977 a
493 1945 617 1992 δέρχω,
646 1943 773 1985 videO,
796 1942 925 1976 oritur.
958 1942 1139 1988 Hercynio
1162 1954 1248 1983 rex,
1274 1942 1464 1976 Laconum

94 2002 214 2037 socius
245 2011 372 2037 contra
403 2005 649 2038 Artaxerxem
687 2005 946 2047 Mnemonem,
978 2010 1031 2037 est
1059 2002 1247 2046 Diodoro,
1280 2015 1364 2046 X1v,
1397 2001 1467 2044 35,

93 2064 392 2108 Psammitichus,
419 2065 550 2100 eodem
579 2064 815 2111 cognomine.
837 2063 1125 2099 Psammiticlzus
1139 2064 1237 2098 enim
1256 2077 1274 2097 a
1288 2064 1467 2112 wsfflfor-

94 2131 181 2158 tuna
196 2151 205 2167 ,
227 2131 262 2158 et
281 2130 428 2175 ψάμμος,
446 2138 574 2170 arena,
595 2126 692 2159 unde
716 2127 944 2174 ψαμμοδύτης,
974 2137 1124 2171 serpens
1144 2125 1263 2159 arenis
1282 2137 1319 2159 se
1341 2125 1467 2159 occul-

94 2192 194 2229 tans„
219 2185 319 2220 idem
346 2199 386 2220 ac
416 2189 624 2236 ὰμμοᾶύτης,
645 2185 825 2232 serpentis
852 2186 911 2220 vel
934 2185 1107 2220 draconis
1133 2185 1278 2220 arenosi
1304 2197 1441 2220 nomen
1457 2212 1466 2228 ,

96 2247 143 2280 ab
172 2252 295 2296 ἅμμος,
317 2259 443 2290 arena,
468 2253 503 2281 et
527 2249 641 2292 δύτης,
667 2246 728 2293 qui
749 2246 868 2289 subit,
888 2245 1144 2292 compositum.
1175 2245 1234 2280 Sic
1256 2247 1442 2280 Atuatuca
1456 2273 1465 2288 ‚

94 2308 182 2342 urbs
213 2308 448 2351 Eburonum,
476 2320 520 2342 ex
545 2314 667 2353 atoma,
685 2319 831 2352 mergus
846 2333 855 2349 ,
888 2314 923 2341 et
945 2313 1042 2355 τύχη,
1061 2306 1218 2340 fortuna.
1251 2306 1309 2341 Sic
1332 2319 1467 2342 nomen

95 2369 235 2415 Spartae
255 2369 312 2403 vel
327 2368 734 2414 Spartiatum,quorum
752 2366 938 2414 Hercynio
958 2366 1075 2401 socius
1089 2373 1186 2410 erat,
1199 2366 1298 2401 idem
1318 2374 1371 2401 est
1389 2379 1429 2402 ac
1443 2374 1469 2405 oi

96 2429 380 2479 Σπαρτοίβριιτῖί
394 2442 456 2463 seu
469 2428 652 2472 Thebani,
666 2429 729 2474 qui
743 2441 785 2463 ex
800 2428 973 2463 draconis
981 2427 1154 2462 dentibus
1168 2427 1253 2462 satis
1266 2428 1343 2461 nati
1355 2436 1467 2462 erant.

149 2491 318 2524 Adomre
332 2492 453 2524 nollet.
474 2491 558 2523 Mos
578 2489 760 2524 adorandi
782 2489 863 2523 talis
882 2496 969 2523 erat.
993 2490 1101 2523 Genu
1119 2486 1235 2531 flexo,
1255 2489 1365 2534 proni
1384 2501 1471 2535 pro-

95 2552 308 2587 cumbentes
337 2551 374 2584 in
398 2557 550 2593 terram,
576 2550 697 2584 fronte
724 2549 875 2583 humum
899 2549 1100 2591 feriebant,
1132 2560 1172 2583 ac
1194 2555 1329 2582 terram
1358 2561 1466 2583 oscu—

95 2614 277 2648 labantur.
301 2615 351 2646 Ac
376 2624 480 2658 reges
507 2610 655 2657 quidem
679 2617 717 2643 ut
740 2610 829 2644 deos
857 2611 1151 2652 venerabantur,
1178 2616 1212 2644 ct
1239 2619 1308 2653 pro
1334 2604 1468 2638 talibus

96 2686 158 2708 eos
179 2673 377 2708 habebant.
402 2673 445 2715 Q.
469 2673 605 2715 (ΕΒΓ,
632 2670 651 2706 5
672 2678 706 2706 et
733 2671 772 2714 83
793 2672 879 2704 vsi.
901 2673 1021 2714 Max„
1044 2684 1121 2713 vu,
1149 2670 1188 2713 33
1224 2670 1389 2707 Josmur,
1404 2675 1471 2706 xx,
