1783 3282
627 272 815 307 LIBRUM
843 274 926 308 xx.
1390 288 1460 319 2¹27

93 350 188 386 dixit
216 352 442 400 Argyripam
460 365 525 389 seu
549 355 671 401 potius
693 356 966 403 Argyanam,
990 359 1048 392 cui
1073 359 1232 395 litteram
1247 374 1280 409 p
1304 360 1463 395 detraxit

93 420 219 458 poeta,
238 413 285 448 ad
304 425 497 449 numerum
516 427 659 460 versus,
682 423 718 451 et
739 416 895 451 verbum
916 416 955 450 in
979 418 1112 463 pedem
1132 421 1350 467 cogendum.

144 482 255 517 Pisoe.
277 482 429 526 Pisam,
455 497 517 519 seu
544 485 714 528 Pissam,
737 486 793 521 vel
818 486 946 527 Pisas,
962 498 1047 520 nam
1068 488 1168 522 varie
1193 490 1357 525 scribunt
1383 503 1465 525 auc—

93 546 207 583 tores,
232 555 253 578 a
277 544 393 587 Pisis,
413 545 530 579 Elidis
559 545 598 580 in
620 547 880 593 Peloponneso
905 546 1016 589 urbe,
1039 546 1188 582 deducit
1215 550 1368 593 Strabo,
1390 552 1410 584 1.
1430 564 1464 591 v,

91 602 247 647 Plinius,
270 617 322 639 111
334 632 342 648 ‚
369 604 388 639 5
402 632 411 648 ,
429 607 661 641 Itinerarium
680 608 811 650 Rutili,
843 620 874 650 1,
891 621 924 641 v.
953 605 1026 651 573
1042 621 1049 641 :

322 697 409 728 Elide
428 697 574 729 deductas
592 699 727 741 suscepit
743 698 867 730 Etruria
886 698 977 729 Pisas.

91 782 239 817 Nomen
263 783 376 830 igitur
395 795 551 831 graecum
577 791 647 828 est,
669 792 704 820 et
724 785 844 831 reipsa
866 790 969 831 Πίσα,
993 787 1106 829 Pisa,
1123 787 1183 820 vel
1205 792 1320 830 Πίσαι,
1341 787 1462 829 Pisce,

90 842 183 877 sicut
206 850 242 878 et
265 847 417 890 Πισιδία,
443 846 607 888 Pisidia,
631 846 814 893 originem
835 846 975 881 habent
997 860 1015 881 a
1040 854 1150 892 πῖσος,
1184 847 1285 881 locus
1309 847 1464 882 humec-

90 909 202 947 tatus,
221 903 400 951 irriguus,
413 912 529 952 πίσεα,
551 907 631 941 loca
657 908 839 954 aquatica,
853 908 1009 954 irrigua3
1032 909 1204 954 Pisoeque
1223 907 1464 943 interamnes

90 964 269 999 Auserem
288 972 323 1000 et
348 969 504 1011 Arnum,
527 975 565 1001 nt
591 969 641 1003 ait
659 969 815 1011 Plinius,
839 968 996 1003 conditae
1021 968 1180 1003 fuerunt.

141 1035 194 1069 Ee
216 1034 334 1082 Spina
360 1037 396 1071 in
422 1038 572 1071 Umbris.
603 1039 657 1073 Ita
686 1038 847 1074 correxit
870 1039 915 1073 Is.
942 1038 1112 1082 Vossius,
1136 1050 1205 1085 pro
1234 1046 1411 1085 corrupto
1430 1047 1465 1073 et

93 1097 324 1145 Spinambris
355 1098 414 1132 vel
441 1099 735 1145 Inspinambris,
759 1099 860 1145 quod
893 1111 975 1134 mss.
1014 1099 1164 1134 habent.
1189 1099 1262 1134 Sed
1285 1100 1464 1146 probatur

89 1156 294 1205 Bongarsio
317 1157 492 1193 Glareani
510 1159 720 1205 conjectura
733 1187 741 1203 ‚
761 1167 800 1194 ut
824 1161 986 1207 legamus
1006 1168 1041 1194 et
1065 1160 1183 1207 Spina
1205 1167 1242 1195 et
1263 1161 1464 1195 Ravenna:

89 1221 306 1254 Ravennam
334 1219 432 1254 enim
452 1233 470 1254 a
493 1220 675 1256 Thessalis
701 1221 890 1255 conditam
916 1221 1025 1256 docet
1049 1222 1194 1256 strabo.
1214 1222 1321 1256 Malit
1339 1228 1462 1257 tamen

89 1287 126 1314 et
152 1281 268 1326 Spina
287 1281 391 1324 urbs;
412 1281 530 1328 Spina
550 1289 671 1316 nutem
691 1282 879 1328 quondam
893 1294 1008 1329 graeca
1026 1282 1115 1317 urbs
1134 1282 1272 1317 nobilis
1287 1309 1296 1326 ,
1315 1289 1463 1317 auctore

88 1341 286 1376 Strabone.
307 1342 387 1388 Ego
409 1354 499 1377 vero
525 1342 650 1377 malim
675 1351 712 1377 et
729 1343 848 1390 Spina
867 1343 1028 1384 Umbris,
1048 1343 1108 1378 vel
1126 1350 1160 1377 et
1178 1342 1295 1390 Spina
1314 1344 1362 1377 ab
1379 1344 1463 1378 Um-

89 1402 181 1444 bris;
191 1402 307 1449 Spina
323 1402 460 1449 quippe
473 1415 552 1437 non
566 1410 643 1438 erat
661 1403 700 1438 in
718 1403 887 1446 Umbris,
902 1403 966 1438 sed
985 1403 1024 1437 in
1037 1403 1178 1445 Tuscis,
1192 1410 1231 1437 ut
1250 1403 1300 1438 ait
1317 1411 1463 1447 noster3

88 1463 163 1497 imo
197 1464 235 1498 in
265 1464 392 1499 Tuscis
420 1472 524 1499 erant
551 1472 587 1499 et
615 1465 780 1499 Perusini
808 1472 842 1499 et
873 1466 974 1499 Cere.
999 1465 1055 1498 Ab
1085 1464 1177 1498 urbe
1210 1464 1342 1511 Spina,
1365 1464 1466 1500 Padi

91 1524 313 1571 Spineticum
336 1526 465 1560 ostium
484 1538 622 1561 nomen
642 1526 792 1573 accepit.

140 1595 405 1630 Perusini...ab
429 1596 593 1630 Aclzoeis.
615 1596 807 1643 Appianus
829 1603 972 1639 autem,
993 1596 1056 1630 lib.
1085 1609 1126 1639 V,
1156 1597 1252 1631 Bell.
1282 1597 1366 1637 civ.,
1394 1598 1461 1631 Pe-

87 1655 221 1690 rusiam
241 1669 261 1690 a
280 1656 480 1704 Tyrrhenis
499 1657 537 1691 in
561 1657 666 1692 Italia
685 1656 893 1701 conditam,
913 1664 948 1691 et
962 1657 1012 1691 ob
1033 1657 1072 1691 id
1086 1658 1289 1701 Junonem‚
1304 1658 1462 1704 Tyrrhe-

88 1728 220 1751 norum
234 1730 356 1761 more,
378 1717 417 1752 in
436 1730 477 1753 ea
497 1718 589 1753 urbe
608 1718 681 1752 coli
703 1718 849 1752 solitam
869 1718 991 1753 tradit.

141 1787 263 1822 Ceren.
283 1788 405 1831 Quam
425 1801 444 1822 a
461 1788 621 1834 Pelasgis
641 1788 827 1823 conditam
848 1788 961 1822 refert
974 1788 1120 1822 Strabo.
1145 1788 1271 1822 Coeren
1292 1787 1354 1822 alii
1366 1789 1459 1822 scri—

86 1849 197 1891 bunt,
212 1848 277 1883 sed
295 1860 501 1895 perperam.
523 1849 609 1883 Haec
622 1849 710 1883 urbs
730 1848 829 1883 enim
853 1862 871 1882 a
890 1859 992 1899 χῆροι,
1005 1849 1045 1883 id
1063 1855 1116 1883 est
1135 1848 1264 1892 vidua,
1284 1848 1385 1894 quod
1410 1856 1463 1883 est

86 1910 244 1944 Junonis
264 1921 491 1956 cognomen,
512 1922 650 1944 nomen
670 1916 776 1944 nacta
811 1917 883 1951 est,
909 1917 945 1944 et
970 1909 1125 1952 Achaei,
1156 1909 1218 1956 qui
1248 1921 1327 1943 eam
1357 1910 1461 1945 cole—

85 1971 192 2014 bant,
211 1971 258 2006 ab
278 1977 380 2020 ἀχέω,
400 1971 533 2014 doleo,
553 1976 642 2019 ἄχος,
662 1971 956 2014 dolor‚moeror,
972 1970 1205 2017 proindeque
1225 1971 1353 2005 acultu
1365 1970 1462 2017 ejus-

85 2032 167 2067 dem
190 2032 278 2066 deae.
298 2041 392 2082 Χῆρα
411 2032 471 2066 vel
489 2037 572 2082 χήρα
591 2031 825 2066 foemininum
844 2039 898 2066 est
916 2031 1018 2066 vocis
1039 2041 1145 2081 χῆρος,
1164 2031 1316 2073 viduus,
1336 2031 1461 2066 deser—

84 2100 159 2136 tus,
182 2093 316 2137 orbus,
341 2105 421 2139 quae
450 2105 533 2127 cum
562 2105 653 2127 voce
680 2098 785 2142 χέῤῥος
812 2093 871 2127 vel
888 2099 1015 2142 χέρσος,
1036 2092 1218 2137 desertus,
1235 2099 1372 2143 χερσόω,
1391 2093 1437 2128 de

84 2161 221 2188 sertum
244 2154 355 2197 facio,
379 2153 526 2196 desolo,
555 2152 764 2200 analogiam
790 2153 913 2188 habet.

135 2224 321 2258 Abellani.
349 2223 405 2257 De
439 2223 597 2266 Abella,
628 2235 709 2269 quae
740 2229 775 2257 et
805 2224 954 2266 Avella,
977 2223 1076 2258 unde
1099 2235 1209 2257 nuces
1234 2224 1459 2265 Avellanas,

84 2284 214 2331 gallice
235 2285 395 2319 avelines
405 2311 416 2327 ,
433 2284 582 2319 deducit
601 2284 815 2319 Macrobius
829 2311 838 2327 ,
858 2284 933 2318 Sat.
954 2297 967 2318 1
980 2310 990 2327 ,
1015 2288 1078 2327 14,
1096 2284 1184 2319 vide
1201 2283 1369 2319 Servium
1383 2310 1392 2326 ,
1410 2286 1463 2318 acl

92 2347 218 2393 Virgil.
246 2346 411 2388 AEneid.,
437 2358 520 2390 vn,
537 2358 571 2379 v.
597 2349 682 2390 740.
711 2345 908 2380 Coloniam
933 2345 1202 2392 posterioribus
1229 2346 1460 2392 temporibus

85 2407 236 2450 factam,
255 2414 383 2442 auctor
402 2413 455 2441 est
475 2406 685 2441 Frontinus.
707 2406 843 2441 Abella
861 2406 974 2441 hodie
994 2405 1128 2440 dicitur
1141 2406 1278 2440 Abella
1294 2408 1459 2442 vecchio.

137 2479 275 2513 Bruttii.
308 2477 386 2522 Qui
422 2484 457 2512 et
495 2477 632 2520 Brutii‚
661 2476 710 2510 ita
745 2476 835 2511 dicti
857 2476 962 2524 quod
991 2476 1137 2524 fugitivi
1162 2484 1198 2512 et
1223 2478 1319 2512 servi
1342 2486 1461 2513 essent

85 2540 330 2575 Lucanorum.
356 2539 429 2574 Sed
451 2539 538 2573 vide
558 2538 649 2573 infra
673 2550 799 2581 xxm,
829 2551 844 2572 1
861 2565 870 2581 ,
898 2545 933 2573 et
960 2550 1068 2585 supra
1094 2550 1172 2582 ΧΠ,
1194 2551 1228 2573 2.

139 2611 299 2657 Spar-ios.
331 2607 549 2643 Parthenios
583 2608 900 2652 Partheniatasve,
942 2609 1071 2656 gallice
1109 2609 1271 2645 batards.
1295 2610 1354 2644 Sic
1387 2622 1457 2642 vo*

85 2673 154 2707 cati
182 2678 286 2707 erant
313 2671 467 2716 juvenes
498 2669 763 2704 Lacedaemone
793 2669 888 2712 nati,
917 2682 1028 2716 quum
1064 2671 1272 2704 Messenam
1292 2669 1454 2705 Lacedae-

1238 2727 1300 2772 ις.
