1783 3282
382 267 571 301 JUSTINI
601 265 949 300 HISTORIARUM
981 269 1067 302 LIB.
1094 270 1174 302 VII.
1418 281 1457 311 7¹

100 350 227 408 (nam
252 350 285 392 is
308 365 481 408 quoque
508 348 752 408 portionem
781 347 1047 391 Macedoniae
1072 351 1257 410 tenuit),
1285 350 1463 410 aliisque

100 428 272 488 regibus
307 426 463 487 pulsis,
501 429 543 469 in
577 426 721 470 locum
752 427 947 470 omnium
981 426 1098 469 solus
1124 431 1353 485 successit3
1384 430 1464 489 pri-

99 522 303 565 musque,
331 505 530 549 adunatis
556 506 757 566 gentibus
780 506 1002 548 variorum
1027 504 1309 564 populorum,
1331 508 1464 551 veluti

100 601 238 627 unum
265 601 424 644 corpus
452 584 720 628 Macedoniae
746 584 872 639 fecit3
909 585 1209 644 crescentique
1238 602 1370 645 regno
1397 604 1466 630 va-

99 662 185 706 lida
207 664 575 706 incrementorum
595 663 875 706 fundamenta
890 663 1130 707 constituit.

163 744 217 784 II.
234 744 338 785 Post
354 743 471 785 hunc
488 741 717 785 Perdiccas
733 742 951 802 regnavit,
972 743 1096 802 cujus
1111 752 1155 785 et
1172 743 1258 786 vita
1274 742 1465 798 illustris,

100 830 142 863 et
164 821 316 862 mortis
340 830 583 879 postrema,
609 818 745 863 veluti
768 835 820 862 ex
849 819 1026 863 oraculo
1054 830 1288 880 praecepta,
1313 838 1469 865 memo-

100 897 253 941 rabilia
277 898 396 941 fuere
423 915 431 940 :
457 898 671 958 siquidem
695 915 824 942 senex
847 899 1038 942 moriens
1062 902 1215 960 Argaeo
1238 900 1328 944 filio
1350 918 1469 944 mon-

100 977 252 1019 stravit
271 975 417 1019 locum
433 1012 443 1031 ‚
465 993 551 1036 quo
576 977 704 1020 condi
727 977 882 1032 vellet;
909 978 1055 1037 ibique
1074 995 1161 1022 non
1184 996 1260 1023 sua
1283 989 1467 1035 tantum,

101 1054 173 1098 sed
198 1064 242 1098 et
265 1055 591 1099 succedentium
617 1056 697 1099 sibi
725 1072 878 1117 regum
901 1072 996 1100 ossa
1020 1058 1121 1117 poni
1144 1058 1299 1117 jussit3
1324 1058 1470 1118 praefa-

100 1144 196 1190 tus,
229 1154 249 1175 «
272 1134 431 1191 Quoad
469 1135 527 1177 ibi
557 1135 740 1178 conditae
775 1145 1050 1195 posterorum
1082 1136 1272 1196 reliquiae
1303 1137 1489 1204 forent,¹

100 1229 283 1274 regnum
313 1215 357 1256 in
382 1213 543 1256 familia
571 1231 826 1258 mansurum
850 1231 858 1256 :
879 1234 899 1255 >2
924 1215 1195 1274 creduntque
1222 1217 1302 1258 hac
1328 1232 1470 1275 super-

101 1293 275 1336 stitione
297 1293 555 1335 exstinctam
582 1294 626 1335 in
648 1292 896 1337 Alexandro
918 1294 1117 1353 stirpem,
1142 1296 1217 1353 qui
1237 1293 1382 1337 locum
1407 1311 1469 1338 se-

101 1369 287 1430 pulturae
310 1372 558 1414 mutaverit.
584 1373 783 1432 Argaeus‚
798 1372 1020 1416 moderate
1042 1383 1085 1416 et
1109 1390 1208 1416 cum
1229 1390 1376 1416 amore
1401 1391 1470 1433 po-

101 1449 318 1508 pularium
352 1450 655 1495 administrato
684 1468 839 1513 regno,
867 1469 1161 1496 successorem
1200 1452 1337 1496 filium
1376 1453 1470 1497 Phi-

101 1527 268 1590 lippum
293 1529 469 1590 reliquit
490 1547 498 1573 :
523 1531 619 1591 qui,
644 1532 876 1575 immatura
900 1541 1040 1574 morte
1063 1541 1232 1591 raptus,
1261 1533 1467 1592 AEropum

102 1607 332 1667 parvulum
356 1608 592 1652 admodum
608 1610 796 1653 instituit
817 1610 1034 1653 heredem.
1051 1609 1135 1653 Sed
1157 1610 1468 1653 Macedonibus

100 1687 271 1730 assidua
296 1689 532 1732 certamina
555 1705 655 1732 cum
683 1689 922 1733 Thracibus
947 1699 989 1732 et
1014 1688 1171 1749 Illyriis
1195 1689 1314 1732 fuere
1335 1706 1343 1733 :
1369 1707 1469 1749 quo-

100 1783 198 1809 rum
221 1767 373 1822 armis,
397 1766 532 1811 veluti
560 1767 816 1827 quotidiano
835 1769 1067 1824 exercitio,
1093 1768 1308 1823 indurati,
1334 1768 1467 1828 gloria

99 1844 264 1888 bellicae
281 1845 420 1890 laudis
436 1846 643 1890 finitimos
662 1848 895 1890 terrebant.
915 1848 1055 1907 Igitur
1072 1834 1226 1907 Illyrii,
1243 1847 1466 1890 infantiam

100 1925 212 1984 regis
237 1923 391 1985 pupilli
416 1935 763 1981 contemnentes,
793 1925 908 1969 bello
931 1925 1195 1969 Macedonas
1217 1927 1469 1986 aggrediun-

102 2013 173 2045 tur
188 2020 197 2046 :
213 2004 288 2063 qui
312 2003 464 2063 proelio
489 2004 621 2065 pulsi,
645 2022 746 2066 rege
771 2022 848 2049 suo
871 2007 912 2048 in
936 2006 1057 2048 cunis
1086 2004 1272 2065 prolato,
1294 2016 1334 2049 et
1357 2023 1468 2065 pone

101 2083 235 2125 aciem
251 2084 415 2143 posito,
440 2084 581 2127 acrius
606 2094 826 2127 certamen
851 2085 1090 2145 repetivere
1113 2095 1343 2144 :tanquam
1373 2085 1469 2128 ideo

99 2161 201 2204 victi
228 2161 410 2205 fuissent
437 2173 585 2218 antea,
612 2163 729 2223 quod
753 2162 1016 2206 bellantibus
1048 2164 1127 2207 sibi
1156 2165 1268 2224 regis
1301 2166 1366 2207 sui
1395 2181 1469 2207 au-

102 2241 234 2299 spicia
262 2241 521 2297 defuissent3
549 2242 683 2286 futuri
711 2241 776 2285 vel
802 2252 1034 2302 propterea
1059 2243 1265 2298 victores,
1284 2243 1400 2303 quod
1418 2260 1468 2286 ex

101 2320 408 2378 superstitione
428 2322 620 2364 animum
648 2322 849 2365 vincendi
870 2331 1075 2381 ceperant
1095 2338 1104 2364 ε
1129 2321 1255 2365 simul
1276 2332 1317 2365 et
1344 2323 1469 2365 mise—

100 2400 211 2441 ratio
243 2415 314 2441 cos
348 2400 523 2443 infantis
555 2401 752 2457 tenebat,
787 2418 938 2461 quem,
968 2401 1000 2444 si
1033 2402 1134 2444 victi
1168 2401 1328 2457 forent,
1367 2417 1468 2460 cap-

101 2479 236 2520 tivum
284 2478 335 2520 de
382 2494 482 2539 rege
530 2479 685 2523 facturi
736 2480 1009 2524 videbantur.
1065 2482 1279 2524 Conserto
1326 2481 1468 2539 itaqua·

101 2555 275 2615 proelio,
310 2574 466 2617 magna
503 2558 615 2600 caede
659 2558 829 2618 Illyrios
877 2559 1054 2614 fudere3
1099 2560 1468 2617 ostenderuntqiw

101 2638 298 2682 hostibus
323 2639 408 2681 suia
424 2672 435 2694 ,
459 2640 602 2697 priore
631 2638 742 2681 bello
765 2657 908 2699 regem
933 2640 1267 2693 Macedonibus,
1285 2656 1370 2681 non
1391 2639 1469 2680 vir-
