1783 3282
457 248 803 284 HISTORIARUM
833 250 921 285 LIB.
944 251 1060 286 xvn.
1371 250 1439 295 ¹5⁴7

71 331 155 375 bus
176 331 442 375 venditabat.
467 335 619 392 Itaque
637 332 886 375 Tarentinis
909 332 1113 376 adversus
1138 337 1357 378 Romanos
1381 333 1441 377 la-

73 419 198 453 turus
221 409 451 465 auxilium,
473 411 527 453 ab
542 411 767 471 Antigono
783 426 932 465 naves,
953 410 1006 452 ad
1028 412 1265 455 exercitum
1289 414 1334 456 in
1351 417 1440 457 Ita-

75 486 175 531 liam
192 487 534 548 deportandum,
553 500 707 533 mutuo
730 490 858 549 petit3
874 489 927 532 ab
942 489 1162 532 Antiocho
1185 492 1414 549 pecuniam
1427 526 1440 547 ,

72 568 147 625 qui
176 568 350 626 opibus,
384 585 514 627 quam
549 567 780 623 militibus,
815 569 1071 611 instructior
1099 577 1212 622 erat3
1240 584 1264 610 a
1296 569 1440 613 Ptole-

73 662 179 689 maeo
202 646 493 689 Macedonum
523 645 714 690 militum
744 646 917 690 auxilia.
945 646 1028 690 Sed
1060 645 1340 701 Ptolemaeus,
1371 650 1439 691 cui

72 724 190 767 nulla
213 724 432 769 dilationis
456 743 505 769 ex
535 725 789 768 infirmitate
812 726 973 768 virium
999 725 1125 768 venia
1158 735 1290 778 esset,
1313 727 1440 784 quin-

72 819 156 861 que
174 803 309 847 millia
326 805 540 864 peditum,
563 805 761 863 equitum
785 814 974 863 quatuor
1001 803 1155 860 millia,
1185 803 1440 864 elephantos

71 883 404 942 quinquaginta,
429 899 517 925 non
540 881 726 942 amplius
748 898 877 942 quam
900 883 944 925 in
966 883 1131 925 biennii
1151 899 1279 926 usum
1307 882 1438 927 dedit.

70 960 139 1004 Oh
155 960 246 1004 haec
260 962 472 1020 Pyrrhus,
487 960 575 1005 filia
590 961 811 1005 Ptolemaei
837 962 882 1004 in
900 962 1229 1004 matrimonium
1244 972 1418 1022 accepta
1430 998 1440 1014 ‚

69 1039 286 1083 vindicem
306 1057 405 1083 eum
430 1042 553 1101 regni
582 1039 783 1100 reliquit:
804 1057 877 1095 ne,
902 1040 1088 1084 abducta
1112 1042 1156 1083 in
1184 1039 1354 1084 Italiam
1370 1042 1442 1101 ju-

70 1128 265 1181 ventute,
290 1119 479 1179 praedam
503 1119 701 1163 hostibus
726 1136 910 1180 regnum
935 1118 1212 1178 relinqueret.

132 1200 210 1241 III.
243 1199 327 1242 Sed
357 1201 565 1258 quoniam
597 1199 651 1242 ad
684 1199 806 1258 Epiri
840 1200 1107 1241 mentionem
1140 1209 1318 1242 ventum
1351 1209 1440 1253 est,

69 1276 121 1319 de
150 1278 318 1337 origine
337 1279 460 1338 regni
488 1279 579 1337 ejus
604 1293 742 1337 pauca
766 1276 983 1320 narranda
1009 1286 1122 1319 sunt.
1146 1276 1439 1322 Molossorum

69 1357 260 1415 primum
285 1357 329 1398 in
346 1373 394 1399 ea
418 1357 594 1416 regione
617 1372 804 1416 regnum
826 1356 921 1398 fuit.
938 1357 1040 1398 Post
1061 1355 1273 1414 Pyrrhus,
1296 1356 1442 1400 Achil-

70 1434 119 1477 lis
161 1434 298 1489 filius,
340 1436 497 1478 amisso
536 1452 613 1495 per
653 1435 895 1478 absentiam
940 1435 1120 1494 trojanis
1168 1436 1440 1495 temporibus

69 1523 249 1573 paterno
277 1530 431 1574 regno,
457 1515 500 1556 in
530 1514 597 1557 his
619 1513 724 1557 locis
750 1513 963 1569 consedit,
995 1514 1070 1573 qui
1104 1514 1326 1574 Pyrrhidae
1352 1517 1441 1574 pri-

69 1610 166 1648 mo,
190 1603 337 1654 postea
364 1595 557 1653 Epirotae
590 1594 696 1637 dicti
733 1604 846 1636 sunt.
886 1593 969 1636 Sed
1002 1593 1193 1653 Pyrrhus
1224 1609 1360 1652 quum
1396 1595 1440 1636 in

70 1672 283 1733 templum
324 1673 537 1717 Dodonaei
566 1674 684 1716 Jovis
717 1672 772 1715 ad
805 1671 1120 1715 consulendum
1149 1673 1353 1727 venisset,
1383 1673 1441 1715 ibi

69 1754 327 1808 Lanassam,
365 1762 541 1812 neptem
581 1750 804 1805 Herculis,
846 1752 990 1810 rapuit
1019 1767 1028 1793 :
1059 1767 1109 1793 ex
1140 1751 1263 1810 cujus
1290 1751 1441 1794 matri-

69 1833 217 1875 monio
246 1842 345 1875 octo
375 1831 533 1875 liberos
568 1830 754 1874 sustulit.
792 1833 857 1874 Ex
885 1831 951 1873 his
987 1829 1222 1873 nonnullas
1253 1831 1442 1890 virgines

68 1920 257 1970 nuptum
288 1911 486 1954 finitimis
520 1911 694 1971 regibus
725 1909 923 1965 tradidit,
956 1925 1147 1968 opesque
1181 1908 1439 1952 affinitatum

69 1990 230 2033 auxilio
263 2007 442 2050 magnas
474 1990 644 2049 paravit
668 2006 677 2031 :
700 1998 831 2048 atque
858 1989 918 2031 ita
948 1988 1134 2043 Heleno,
1163 1987 1253 2030 filio
1279 1988 1441 2031 Priami

68 2071 199 2130 regis,
228 2070 283 2112 ob
312 2069 572 2113 industriam
598 2067 882 2128 singularem,
910 2084 1095 2127 regnum
1124 2066 1379 2122 Chaonum,
1401 2076 1441 2110 ct

67 2149 403 2193 Andromachen
431 2148 652 2202 Hectoris,
677 2164 807 2207 quam
845 2157 887 2189 et
923 2148 1014 2206 ipse
1052 2147 1334 2189 matrimonio
1364 2163 1441 2188 suo

68 2231 113 2272 in
137 2228 349 2273 divisione
379 2229 558 2288 trojanae
591 2227 745 2287 praedae
767 2236 1010 2285 acceperat,
1034 2241 1215 2268 uxorem
1239 2225 1438 2268 tradidit:

66 2309 276 2368 brevique
315 2318 413 2368 post
456 2318 651 2368 tempore
694 2306 899 2366 Delphis,
937 2305 1103 2348 insidiis
1138 2307 1327 2360 Orestae,
1364 2304 1441 2347 filii

68 2389 429 2448 Agamemnonis,
458 2389 572 2430 inter
594 2386 749 2430 altaria
772 2387 856 2429 Dei
882 2385 1058 2428 interiit.
1086 2386 1318 2428 Successor
1339 2385 1441 2428 huic

67 2467 212 2511 Pielus
234 2467 348 2511 filius
373 2467 466 2509 fuit.
495 2469 578 2510 Per
605 2466 802 2510 ordinem
832 2465 988 2508 deinde
1018 2481 1200 2525 regnum
1229 2464 1283 2507 ad
1306 2466 1441 2525 Arry-

68 2548 168 2589 bam
190 2546 429 2600 descendit,
451 2547 538 2599 cui,
558 2546 764 2604 quoniam
781 2543 973 2604 pupillus
996 2553 1037 2586 et
1061 2544 1217 2587 unicus
1238 2561 1289 2587 ex
1313 2552 1440 2604 gente

67 2625 205 2670 nobili
231 2635 492 2685 superesset,
522 2624 756 2667 intentiore
779 2624 975 2665 omnium
1002 2640 1105 2666 cura
1133 2623 1332 2665 servandi
1349 2623 1440 2680 ojus
