1783 3282
501 269 846 303 HISTORIARUM
878 271 965 304 LIB.
993 273 1054 305 IX.
1430 275 1474 318 87

175 353 226 395 V.
257 351 519 410 Compositis
560 351 603 392 in
639 351 806 393 Graecia
842 351 989 406 rebus,
1023 352 1247 412 Philippus
1280 358 1474 399 omnium

116 431 343 473 civitatum
366 428 529 490 legatos
551 429 605 472 ad
628 428 905 472 formandum
928 445 1074 472 rerum
1093 434 1367 488 praesentium
1391 444 1475 478 sta-

114 519 206 551 tum
228 510 399 552 evocari
423 509 688 552 Corinthum
705 509 841 568 jubet.
867 509 933 551 Ibi
956 509 1075 568 pacis
1104 508 1242 569 legem
1265 513 1474 556 universae

113 588 291 631 Graeciae
316 604 396 647 pro
424 589 590 631 meritis
616 587 885 648 singularum
917 588 1140 630 civitatum
1177 589 1348 642 statuit3
1373 606 1476 633 con-

112 666 348 726 ciliumque
378 668 594 722 omnium,
620 666 754 710 veluti
780 683 915 709 unum
949 676 1170 720 senatum,
1196 682 1246 708 ex
1275 669 1475 712 omnibus

113 744 228 806 legit.
256 743 347 788 Soli
371 745 711 799 Lacedaemonii,
728 754 770 787 et
787 744 944 806 legem,
969 754 1012 787 et
1033 761 1179 804 regem
1206 755 1477 805 contempse-

111 833 232 880 runt,
255 825 531 878 servitutem,
556 839 645 866 non
665 839 817 883 pacem
841 824 944 876 rati,
973 839 1067 882 quae
1093 839 1181 865 non
1204 825 1305 882 ipsis
1328 825 1476 867 civita-

111 903 225 946 tibus
250 902 521 957 conveniret,
548 901 622 945 sed
657 918 681 944 a
708 902 873 945 victore
900 901 1098 944 ferretur.
1126 901 1296 944 Auxilia
1322 902 1476 945 deinde

111 979 381 1042 singularum
411 982 637 1024 civitatum
662 981 991 1037 describuntur,
1017 981 1106 1023 sive
1134 980 1405 1040 adjuvandus
1428 998 1476 1024 ea

110 1078 240 1106 manu
268 1078 367 1117 rex,
392 1069 671 1121 oppugnante
699 1059 863 1120 aliquo,
892 1060 1021 1114 foret,
1049 1076 1123 1103 seu
1150 1059 1258 1103 duce
1293 1059 1367 1103 illo
1388 1060 1479 1104 bel-

111 1141 199 1185 lum
233 1140 520 1184 inferendum.
559 1142 712 1199 Neque
747 1141 862 1182 enim
900 1139 1081 1181 dubium
1119 1149 1211 1182 erat
1246 1141 1474 1199 imperium

110 1222 339 1264 Persarum
366 1220 433 1262 his
462 1219 741 1279 apparatibus
771 1219 872 1277 peti.
906 1220 1083 1260 Summa
1112 1217 1373 1260 auxiliorum
1400 1218 1478 1261 du-

111 1308 235 1342 centa
253 1297 390 1341 millia
408 1297 605 1358 peditum
622 1297 760 1351 fuere,
781 1306 825 1340 et
843 1297 1040 1356 equitum
1057 1296 1308 1355 quindecim
1330 1295 1475 1340 millia.

110 1379 243 1421 Extra
278 1377 391 1420 hanc
432 1392 646 1420 summam
680 1386 723 1418 et
755 1375 1022 1419 Macedoniae
1053 1377 1266 1419 exercitus
1296 1385 1408 1431 erat,
1437 1386 1479 1418 et

112 1456 293 1500 confinis
316 1456 582 1499 domitarum
609 1456 805 1516 gentium
839 1455 1073 1498 barbaries.
1097 1455 1230 1498 Initio
1256 1456 1367 1498 veris
1394 1464 1478 1498 tres

112 1537 243 1580 duces
281 1537 324 1578 in
365 1536 511 1579 Asiam
551 1537 781 1578 Persarum
811 1535 921 1594 juris
958 1534 1199 1594 praemittit,
1231 1535 1478 1577 Parmenio-

113 1632 230 1671 nem,
257 1617 509 1674 Amyntam,
535 1624 576 1656 et
604 1613 828 1668 Attalum,
849 1613 971 1672 cujus
998 1629 1190 1656 sororem
1224 1629 1382 1672 nuper,
1408 1630 1478 1656 ex-

112 1693 236 1754 pulsa
261 1693 496 1738 Alexandri
526 1702 663 1736 matre
689 1691 945 1751 Olympiade
974 1700 1151 1751 propter
1178 1693 1315 1751 stupri
1343 1693 1479 1752 suspi-

113 1774 282 1816 cionem
297 1808 308 1826 ,
324 1774 368 1815 in
392 1772 718 1815 matrimonium
748 1779 984 1830 receperat.

174 1853 250 1895 VI.
278 1853 469 1906 Interea,
507 1850 611 1893 dum
646 1848 805 1892 auxilia
837 1865 862 1891 a
897 1849 1065 1892 Graecia
1099 1858 1278 1902 coeunt,
1308 1851 1478 1909 nuptias

113 1931 354 1991 Cleopatrae
375 1930 471 1974 filiae
493 1939 534 1972 et
558 1928 811 1984 Alexandri,
832 1943 960 1987 quem
984 1943 1132 1988 regem
1155 1929 1278 1988 Epiri
1302 1928 1477 1984 fecerat,

114 2010 316 2054 celebrat.
341 2011 445 2053 Dies
475 2018 565 2052 erat
594 2025 674 2068 pro
703 2006 1003 2068 magnitudine
1029 2007 1216 2050 duorum
1238 2023 1414 2067 regum,
1437 2018 1479 2050 et

113 2089 366 2134 collocantis
385 2088 540 2142 filiam,
567 2098 610 2132 et
634 2104 813 2131 uxorem
838 2087 1054 2142 ducentis,
1074 2087 1354 2147 apparatibus
1380 2087 1480 2130 insi-

115 2171 221 2230 gnis.
247 2168 332 2213 Sed
347 2185 428 2212 nec
449 2167 654 2211 ludorum
675 2167 998 2227 magnificentia
1017 2166 1166 2209 deerat
1184 2182 1192 2208 :
1219 2166 1273 2209 ad
1293 2182 1478 2225 quorum

115 2247 409 2309 spectaculum
435 2246 661 2308 Philippus
682 2246 785 2289 dum
809 2247 900 2289 sine
923 2245 1195 2300 custodibus,
1220 2245 1388 2289 medius
1411 2247 1478 2288 in-

115 2338 180 2370 ter
201 2326 308 2370 duos
340 2326 629 2381 Alexandros,
663 2324 802 2368 filium
831 2340 1145 2385 generumque,
1175 2324 1478 2380 contenderet,

114 2407 366 2461 Pausanias,
398 2405 555 2449 nobilis
582 2421 634 2448 ex
666 2403 983 2448 Macedonibus
1013 2402 1284 2459 adolescens,
1317 2407 1476 2449 nemini

115 2494 361 2546 suspectuS,
385 2485 607 2544 occupatis
626 2484 856 2544 angustiis,
877 2482 1128 2542 Philippum
1144 2484 1187 2525 in
1210 2485 1393 2528 transitu
1412 2484 1485 2527 ob-

116 2574 313 2618 truncat3
336 2563 537 2625 diemque
566 2562 723 2607 laetitiae
756 2562 1047 2617 destinatum,
1070 2561 1231 2605 foedum
1268 2563 1386 2606 luctu
1420 2563 1483 2606 fu-

116 2645 231 2687 neris
255 2644 369 2688 facit.
399 2644 479 2686 Hic
504 2643 654 2703 primis
682 2642 921 2702 pubertatis
943 2643 1065 2686 annis
1090 2651 1289 2702 stuprum
1314 2659 1391 2702 per
1419 2643 1482 2685 in-
