1783 3282
466 268 810 303 HISTORIARUM
838 271 925 305 LIB.
948 272 1028 307 ΧΠ.
1363 276 1429 310 12⁸,

67 351 374 396 cessitudinum
392 384 403 402 ‚
428 349 732 410 dignissimum
763 362 1037 411 nuncuparet
1060 353 1262 398 heredem
1284 373 1291 399 :
1310 373 1432 416 prol·-

67 445 137 472 sus
159 429 279 488 quasi
308 428 427 472 nefas
453 439 566 472 esset
598 431 692 473 viro
724 430 825 474 forti
860 429 992 473 alium
1022 447 1153 490 quam
1180 435 1322 477 virum
1347 435 1434 478 sor-

67 517 153 550 tem
177 507 429 562 succedere3
454 517 526 551 aut
552 509 661 553 tanti
686 510 808 569 regni
824 525 927 569 opes
942 508 1056 564 aliis,
1077 526 1207 568 quam
1225 513 1435 570 probatis,

67 584 266 645 relinqui.
288 589 379 629 Hac
403 604 535 642 voce,
556 586 691 631 veluti
715 587 916 631 bellicum
944 588 1058 631 inter
1080 588 1240 631 amicos
1265 591 1437 633 cecinis-

66 673 148 719 set,
173 674 247 708 aut
274 665 438 709 malum
466 666 692 710 discordiae
721 667 928 723 misisset,
955 668 1014 710 ita
1047 684 1199 710 omnes
1228 668 1271 710 in
1307 684 1434 711 aemu-

66 742 273 788 lationem
300 755 593 805 consurgunt,
620 755 662 788 et
691 747 930 789 ambitione
959 746 1079 807 vulgi
1110 748 1289 790 tacitum
1320 747 1438 789 favo-

66 839 157 866 rem
177 823 365 866 militum
380 826 737 883 quaerunt.Sexto
753 825 821 868 die
838 825 1046 884 praeclusa
1057 835 1437 885 voce,exemptum

67 902 202 962 digito
237 901 450 945 annulum
489 902 707 947 Perdiccae
736 903 943 947 tradidit:
968 920 1063 964 quae
1092 920 1158 948 res
1187 904 1437 965 gliscentem

66 981 305 1025 amicorum
323 981 638 1026 dissensionem
660 982 839 1026 sedavit.
857 984 972 1027 Nam
993 984 1072 1027 etsi
1091 1001 1179 1027 non
1202 1000 1308 1027 voce
1326 1000 1438 1026 nun-

66 1070 248 1120 cupatus
267 1061 412 1117 heres,
439 1061 604 1121 judicio
630 1071 777 1105 tamen
805 1061 970 1106 velectus
991 1080 1081 1106 esse
1105 1063 1344 1106 videbatur.

128 1140 247 1183 XVI.
276 1141 473 1184 Decessit
498 1140 765 1197 Alexander,
791 1158 983 1185 mensem
1010 1159 1166 1195 unum,
1195 1158 1332 1184 annos
1353 1151 1439 1184 tres

67 1226 108 1260 et
132 1218 313 1278 triginta
334 1227 489 1275 natus3
513 1221 580 1262 vir
605 1236 736 1279 supra
755 1220 992 1263 humanam
1013 1221 1252 1279 potentiam
1274 1221 1441 1279 magni-

68 1296 219 1340 tudine
246 1298 381 1341 animi
405 1299 625 1359 praeditus.
653 1300 754 1355 Qua
778 1309 904 1342 nocte
930 1316 1025 1342 eum
1052 1309 1190 1342 mater
1213 1298 1439 1359 Olympias

69 1377 295 1438 concepit,
335 1379 424 1422 visa
458 1395 535 1438 per
571 1379 760 1437 quietem
795 1389 860 1422 est
903 1396 1003 1421 cum
1040 1379 1204 1438 ingenti
1242 1388 1440 1437 serpente

67 1455 282 1513 volutari,
316 1474 396 1501 nec
425 1457 606 1517 decepta
644 1459 813 1501 somnio
849 1468 910 1501 est
945 1475 953 1500 ε
988 1475 1089 1501 nam
1122 1457 1318 1518 profecto
1349 1474 1440 1501 ma-

65 1536 134 1594 jus
157 1536 349 1580 humana
380 1535 647 1579 mortalitate
675 1554 785 1597 opus
816 1547 940 1579 utero
972 1536 1072 1579 tulit
1099 1553 1107 1578 ε
1139 1553 1267 1595 quam
1305 1552 1439 1595 quum

69 1615 344 1659 AEacidarum
372 1634 475 1677 gens
511 1618 564 1660 ab
589 1617 742 1660 ultima
771 1616 1018 1660 seculorum
1049 1616 1278 1670 memoria,
1301 1625 1342 1658 ct
1376 1632 1442 1658 re-

69 1711 154 1755 gna
190 1697 347 1755 patris,
382 1697 548 1753 fratris,
581 1698 746 1751 mariti,
783 1713 831 1740 ac
867 1696 1071 1756 deinceps
1104 1697 1319 1756 majorum
1351 1711 1442 1737 om-

70 1775 192 1817 nium
217 1774 553 1831 illustraverinI,
581 1775 743 1819 nullius
776 1785 921 1818 tamen
950 1776 1148 1830 nomine,
1183 1792 1312 1834 quam
1344 1773 1440 1828 filii,

69 1852 226 1897 clarior
247 1853 342 1898 fuit.
369 1855 574 1916 Prodigia
597 1855 912 1916 magnitudinis
926 1856 1018 1915 ejus
1035 1855 1079 1897 in
1096 1856 1188 1914 ipso
1212 1864 1310 1897 ortu
1331 1870 1440 1896 non-

69 1932 188 1978 nulla
209 1950 462 1994 apparuere.
484 1935 597 1978 Nam
612 1951 662 1977 ea
688 1934 757 1977 die
773 1970 784 1989 ,
806 1950 892 1994 qua
915 1944 1042 1977 natus
1066 1943 1150 1988 est,
1170 1933 1263 1977 duae
1288 1932 1440 1992 aquilae

70 2023 161 2056 tota
188 2012 256 2056 die
277 2023 479 2074 perpetes
505 2030 636 2073 supra
663 2012 836 2057 culmen
864 2012 1019 2056 domus
1042 2013 1178 2073 patris
1207 2013 1297 2071 ejus
1320 2012 1440 2055 sede-

70 2102 196 2148 runt,
226 2109 356 2136 omen
386 2091 572 2152 duplicis
600 2093 794 2152 imperii,
827 2095 1012 2152 Europae
1041 2093 1260 2152 Asiaeque,
1295 2091 1442 2150 praefe-

72 2180 225 2215 rentes.
249 2171 413 2215 Eadem
444 2187 617 2231 quoque
654 2171 722 2214 die
751 2173 957 2214 nuntium
987 2180 1110 2230 pater
1138 2172 1229 2231 ejus
1255 2170 1440 2213 duarum

70 2250 349 2294 victoriarum
388 2252 580 2311 accepit3
628 2249 826 2306 alterius,
863 2250 964 2293 belli
1011 2248 1197 2309 lllyrici,
1242 2250 1442 2304 alterius,

71 2330 317 2373 certaminis
345 2329 589 2390 Olympici,
620 2330 663 2371 in
688 2329 805 2389 quod
837 2330 1150 2390 quadrigarum
1181 2346 1336 2373 currus
1361 2329 1442 2371 mi-

72 2418 185 2451 serat
208 2426 215 2451 :
242 2408 360 2468 quod
389 2425 517 2451 omen
547 2409 850 2452 universarum
881 2419 1099 2452 terrarum
1125 2409 1352 2452 victoriam
1379 2409 1444 2450 in-

71 2487 180 2531 fanti
202 2486 503 2547 portendebat.
525 2490 639 2530 Puer
655 2489 878 2531 acerrimis
898 2487 1144 2531 litterarum
1168 2487 1321 2530 studiis
1346 2504 1443 2529 cru-

73 2566 188 2611 ditus
209 2565 305 2609 fuit.
330 2568 491 2609 Exacta
518 2567 727 2625 pueritia,
751 2583 828 2625 pcr
849 2568 1200 2626 quinquennium
1225 2567 1302 2609 sul)
1327 2567 1445 2609 Aris-

76 2644 224 2701 totele,
251 2645 426 2688 doctore
444 2644 606 2704 inclyto
627 2644 843 2705 (omnium
864 2645 1225 2705 philosophorum
1237 2646 1266 2700 ),
1294 2645 1440 2687 crevit.
