1783 3282
292 310 315 346 6
883 311 1070 345 JUSTINI

291 394 519 455 portendi,
543 413 562 434 »
591 393 923 454 responderunt.
954 396 1047 437 Hoc
1070 410 1277 454 responso
1301 394 1552 449 exterritus,
1572 411 1650 438 ne-

290 490 374 533 que
396 472 514 516 claro
538 473 656 528 viro,
680 489 820 532 neque
853 473 936 515 civi
964 472 1118 525 filiam,
1144 488 1198 515 ne
1233 482 1414 533 paterna
1440 482 1657 515 materna-

289 568 372 611 que
408 551 610 595 nobilitas
640 553 791 611 nepoti
821 553 989 594 animos
1025 550 1273 606 extolleret,
1314 551 1388 595 sed
1421 568 1473 594 ex
1503 559 1655 612 gente,

287 630 472 674 obscura
503 640 608 675 tunc
643 631 871 691 temporis,
905 633 1160 686 Persarum,
1195 631 1419 690 Cambysi‚
1448 629 1655 673 mediocri

286 710 407 766 viro,
430 710 475 753 in
503 711 832 754 matrimonium
859 709 1049 753 tradidit.
1081 711 1145 754 Ac
1167 726 1222 753 ne
1250 710 1310 753 sic
1337 708 1514 769 quidem
1541 724 1656 751 som-

286 789 347 831 nii
381 799 501 832 metu
538 789 756 849 deposito,
789 788 1013 850 gravidam
1053 788 1107 832 ad
1140 805 1184 832 se
1216 787 1350 832 filiam
1380 788 1575 842 arcessit,
1608 796 1658 830 ut

286 867 365 912 sub
401 868 469 911 avi
501 869 775 928 potissimum
803 866 939 912 oculis
972 877 1122 927 partus
1150 877 1392 911 necaretur.
1418 867 1559 910 Natus
1592 867 1657 909 in-

285 946 378 990 fans
405 947 533 990 datur
561 947 823 991 occidendus
846 950 1070 1007 Harpago,
1094 948 1206 1008 regis
1240 947 1379 990 amico
1407 955 1449 990 et
1478 961 1658 989 arcano-

284 1042 383 1070 rum
411 1027 625 1086 participi.
654 1029 696 1070 Is
719 1026 901 1081 veritus,
924 1027 958 1069 si
983 1025 1036 1068 ad
1062 1024 1213 1081 filiam,
1239 1035 1414 1069 mortuo
1438 1041 1558 1086 rege,
1583 1042 1656 1067 ve-

285 1107 417 1150 nisset
441 1107 694 1166 imperium,
718 1106 818 1166 quia
842 1104 1013 1149 nullum
1042 1107 1251 1165 Astyages
1273 1104 1410 1148 virilis
1433 1121 1558 1148 sexus
1583 1122 1657 1165 ge-

285 1194 462 1239 nuerat,
492 1202 547 1228 ne
575 1184 649 1229 illa
678 1185 819 1228 necati
852 1184 1029 1228 infantis
1066 1183 1299 1239 ultionem,
1327 1199 1458 1243 quam
1481 1200 1506 1226 a
1532 1194 1657 1243 patre

284 1281 373 1308 non
398 1265 627 1324 potuisset,
658 1281 682 1307 a
705 1265 905 1307 ministro
934 1265 1140 1324 exigeret,
1165 1264 1328 1323 pastori
1355 1263 1463 1323 regii
1488 1263 1657 1323 pecoris

283 1359 470 1403 puerum
504 1342 809 1403 exponendum
853 1343 998 1386 tradit.
1030 1346 1159 1386 Forte
1190 1342 1340 1386 eodem
1378 1350 1575 1402 tempore
1614 1352 1656 1385 et

283 1423 365 1482 ipsi
388 1423 551 1483 pastori
572 1422 685 1466 filius
708 1432 835 1466 natus
857 1431 960 1466 erat.
991 1423 1095 1482 Ejus
1115 1422 1249 1483 igitur
1271 1438 1396 1477 uxor,
1420 1421 1568 1466 audita
1588 1439 1655 1465 re-

283 1503 343 1563 gii
372 1502 554 1553 infantis*
585 1503 874 1562 expositione,
909 1503 1089 1545 summis
1117 1502 1317 1561 precibus
1349 1511 1498 1562 rogat,
1522 1521 1541 1541 «
1565 1502 1655 1544 Sibi

283 1581 444 1625 adferri
483 1580 740 1640 ostendique
783 1596 982 1640 puerum.
1013 1600 1033 1621 2)
1076 1581 1213 1640 Cujus
1256 1581 1458 1640 precibus
1503 1581 1655 1641 fatiga-

283 1669 351 1703 tus
395 1669 564 1720 pastor,
610 1674 806 1702 reversus
857 1659 901 1701 in
941 1658 1114 1713 silvam,
1152 1660 1320 1702 invenit
1354 1660 1476 1718 juxta
1513 1660 1654 1703 infan-

283 1747 369 1782 tem
409 1755 561 1782 canem
601 1738 833 1793 feminam,
874 1736 1059 1797 parvulo
1106 1737 1237 1780 ubera
1278 1739 1569 1798 praebentem‚
1613 1750 1658 1783 et

282 1834 307 1860 a
346 1817 446 1861 feris
481 1816 741 1876 alitibusque
775 1815 1095 1859 defendentem.
1142 1818 1290 1860 Motus
1331 1826 1372 1861 et
1405 1819 1495 1877 ipse
1528 1820 1656 1862 mise-

282 1896 489 1948 ricordia‚
516 1913 601 1955 qua
627 1905 791 1939 motam
817 1896 947 1939 etiam
973 1912 1126 1939 canem
1154 1896 1341 1952 viderat,
1369 1913 1558 1956 puerum
1584 1898 1656 1941 de-

283 1976 367 2020 fert
398 1975 452 2019 ad
479 1974 667 2031 stabula,
697 1974 847 2018 eadem
879 1991 986 2018 cane
1017 1975 1143 2018 anxie
1175 1985 1478 2035 prosequente.
1510 1977 1655 2032 Quem

283 2055 356 2099 ubi
386 2055 430 2098 in
458 2071 612 2097 manus
640 2053 797 2097 mulier
820 2055 1014 2114 accepit,
1041 2053 1179 2097 veluti
1207 2054 1262 2098 ad
1286 2064 1435 2098 notam
1462 2072 1571 2115 puer
1594 2055 1655 2099 al·

282 2134 385 2178 lusit
412 2151 421 2178 :
450 2143 681 2193 tantusque
710 2135 755 2176 in
791 2133 865 2176 illo
903 2134 1042 2194 vigor,
1080 2143 1124 2177 et
1154 2133 1292 2178 dulcis
1326 2134 1503 2194 quidam
1531 2134 1655 2178 blan-

283 2214 440 2257 dientis
463 2215 572 2257 risus
607 2214 833 2273 apparuit,
861 2223 907 2256 ut
937 2223 1156 2273 pastorem
1183 2231 1294 2258 uxor
1320 2213 1435 2258 ultro
1463 2225 1654 2276 rogaret,

282 2312 301 2333 «
326 2292 461 2355 [Quo
499 2310 624 2337 suum
662 2303 835 2352 partum
868 2310 949 2353 pro
984 2291 1057 2336 illo
1093 2292 1358 2356 exponeret]
1381 2296 1655 2354 permitteret

283 2371 433 2434 [que]
461 2373 566 2429 sibi,
599 2373 687 2416 sive
723 2373 907 2416 fortunae
939 2374 1092 2433 ipsius,
1120 2374 1209 2416 sive
1237 2374 1327 2433 spei
1353 2390 1439 2418 suae
1468 2391 1653 2434 puerum

280 2453 463 2495 nutrire.
493 2472 512 2492 »
540 2456 684 2511 Atque
722 2453 781 2495 ita
814 2462 1062 2512 permutata
1100 2461 1215 2497 sorte
1245 2452 1551 2512 parvulorum,
1582 2453 1653 2496 hic

280 2547 360 2590 pro
382 2530 471 2574 filio
494 2532 678 2590 pastoris
701 2530 936 2586 educatur3
960 2530 1031 2575 ille
1055 2549 1136 2592 pro
1160 2541 1319 2592 nepote
1340 2534 1454 2594 regis
1477 2533 1652 2592 exponi-

281 2621 364 2653 tur.
388 2611 558 2653 Nutrici
582 2611 719 2671 Spaco
744 2620 891 2670 postea
911 2628 1070 2655 nomen
1093 2612 1199 2667 fuit,
1220 2614 1321 2673 quia
1338 2629 1489 2656 canem
1510 2613 1650 2655 Persae

280 2691 338 2732 sic
364 2700 531 2733 vocant.
