1783 3282
258 282 330 305 200
711 268 858 303 NOTAE
886 266 941 300 IN
970 266 1160 300 JUSTINI

257 353 441 401 originem
464 351 603 385 ducunt
624 363 631 384 ι
659 350 761 397 quod
780 363 798 383 a
819 349 986 390 nemine,
1006 347 1111 393 quod
1130 347 1263 391 sciam,
1286 360 1399 394 usque
1420 347 1540 382 adhuc
1555 347 1639 381 ani-
1683 379 1687 383 ,

257 413 497 449 madversum
518 419 583 446 est.

311 476 394 510 Cn.
409 475 455 509 V.
476 473 628 519 [ancyr-i
637 474 744 520 regis.
765 473 889 507 Oxon.
911 482 957 504 ex
976 470 1094 503 tribus
1110 469 1219 503 codd.
1235 470 1421 515 Ianthyri;
1443 470 1641 506 Salmasius

258 545 294 573 et
311 536 465 571 Vossius
485 535 679 582 corrigunt
698 532 906 577 Idanthyri.
921 530 1138 574 Herodoto,
1163 543 1221 575 iv,
1239 531 1285 575 76
1307 538 1342 566 et
1367 544 1457 575 120,
1479 540 1532 567 est
1549 531 1645 569 ἰνδά-

258 608 381 650 θυρσος,
411 604 450 632 ut
480 604 516 632 et
542 596 722 638 Arriano,
742 594 841 628 libro
865 605 944 636 vn3
970 591 1166 636 Straboni,
1196 591 1399 643 Ῐὸοίνθυρσος;
1424 593 1641 637 Plutarch0‚

258 660 298 694 in
316 657 725 706 Apophthegmatibus‚
743 654 923 704 Ῐδάθυρσος.
937 654 1019 688 Hoc
1041 665 1182 688 nomen
1204 653 1316 700 igitur
1335 653 1534 688 formatum
1551 655 1643 688 mihi

258 720 423 763 videtur,
450 718 575 765 quoad
602 729 734 752 vocem
771 716 958 763 priorem,
989 715 1082 749 sicut
1116 716 1290 761 ἰνδαλέτης,
1320 714 1438 749 Indjae
1458 715 1645 762 perditor,

258 781 394 816 Bacchi
411 792 641 827 cognomen,
662 792 707 814 ex
726 776 830 823 ἰνδοι,
855 777 964 821 Indi,
990 776 1115 823 quoad
1133 776 1401 823 posteriorem,
1421 777 1512 811 sicut
1534 779 1645 824 Aga-

260 843 392 888 thyrsi,
424 841 556 888 populi
583 839 728 888 Scythis
762 839 894 883 vicini,
921 851 966 873 ex
988 845 1110 888 θύρας,
1135 838 1281 885 thyrsus
1290 851 1299 881 ;
1325 839 1385 872 vel
1415 838 1550 873 rectius
1574 851 1645 885 pro

259 903 440 949 Ianthyri
455 903 516 937 vel
536 901 756 946 Idanthyrl,
787 900 944 934 omnino
970 899 1170 946 legendum
1189 900 1411 946 Agathyrsi,
1440 913 1484 935 ex
1517 901 1646 935 eadem

259 977 351 999 voce
364 971 470 1014 0'33603
484 995 492 1009 ‚
510 970 546 998 et
566 967 654 1013 ἁγίς,
673 962 768 1005 dux,
788 967 855 1011 ἄγω
875 961 935 995 νεὶ
952 968 1105 1010 ἡγέομαι,
1125 960 1240 1004 duco,
1261 961 1365 1007 quod
1385 968 1438 995 est
1457 961 1531 996 dux
1546 962 1647 1009 thyr-

261 1039 407 1069 sorum,
443 1025 536 1059 sicut
561 1023 772 1072 Agelochus
800 1029 862 1057 aut
893 1021 1145 1069 Hegelochus,
1183 1033 1230 1055 ex
1261 1028 1365 1070 λόχος,
1392 1022 1545 1066 cohors,
1571 1023 1646 1058 dux

261 1087 445 1130 cohortis;
466 1086 559 1120 sicut
582 1084 824 1133 Agemachus
843 1084 903 1118 vel
922 1082 1201 1131 Hegemachus,
1224 1095 1269 1117 ex
1289 1089 1394 1133 μάχη,
1419 1096 1559 1130 pugna,
1573 1084 1648 1119 dux

260 1148 401 1196 proelii,
419 1148 512 1182 sicut
534 1148 791 1194 Hegestratus,
812 1158 855 1180 ex
881 1151 1032 1195 στρατός,
1053 1144 1256 1187 exercitus,
1277 1144 1353 1178 dux
1372 1144 1563 1179 exercitus.
1589 1145 1650 1180 Sic

262 1211 393 1245 Bactri
411 1209 471 1243 vel
500 1208 714 1251 Bactriani,
738 1219 897 1253 quorum
916 1218 982 1240 rex
1002 1212 1079 1240 erat
1097 1206 1312 1239 Zoroastres
1324 1232 1333 1249 ,
1352 1205 1391 1240 id
1414 1212 1468 1240 est
1486 1206 1649 1241 Bacchus

259 1271 411 1306 Indicus
426 1297 435 1314 ,
459 1270 520 1304 vel
538 1268 743 1304 Mercurius
762 1267 965 1311 caducifer,
980 1267 1114 1302 Bacchi
1126 1273 1231 1313 pater
1254 1266 1427 1301 nutritius
1438 1293 1447 1310 ,
1461 1279 1481 1302 a
1497 1272 1650 1318 βάκτρον,

261 1332 397 1379 scipio,
418 1332 588 1375 baculus,
607 1342 744 1376 nempe
767 1330 930 1376 thyrsus,
954 1329 1106 1363 baculus
1130 1328 1343 1371 Bacchicus,
1367 1341 1507 1363 nomen
1530 1329 1651 1363 sortiti

262 1401 359 1429 sunt.
380 1392 626 1439 Indathfrsus
650 1391 866 1434 Herodoto,
888 1397 941 1425 est
965 1389 1092 1424 Ctesiae
1116 1388 1334 1434 Scytlzares,
1357 1390 1416 1424 vel
1430 1390 1650 1437 Scytharum

262 1469 339 1490 rex.
374 1455 468 1489 Vide
488 1466 619 1500 supra,
643 1465 723 1499 cap.
752 1465 783 1494 1,
810 1452 869 1486 Ab
896 1451 1048 1496 Scythis.

317 1517 410 1550 Istrl.
432 1514 644 1557 Danubius,
665 1516 847 1557 Δανιύέιος,
867 1513 1027 1558 Europae
1045 1512 1228 1546 maximus
1247 1509 1380 1545 fluvius
1401 1513 1601 1547 Ptolemaeo
1617 1520 1652 1547 et

263 1577 414 1611 caeteris.
441 1577 554 1619 Ister,
577 1587 692 1622 graece
710 1571 833 1624 Ϊστρςς,
857 1586 1004 1620 quoque
1035 1579 1206 1615 vocatur,
1228 1579 1319 1607 teste
1346 1573 1467 1607 Plinio
1491 1580 1526 1608 et
1545 1574 1651 1609 Stra-

263 1639 364 1672 bone
387 1651 394 1671 2
422 1637 482 1671 hic
503 1637 639 1671 horum
659 1635 854 1670 nominum
874 1634 1121 1669 mutationem
1140 1634 1249 1681 ponit
1271 1634 1319 1669 ad
1339 1634 1416 1680 ejus
1435 1641 1652 1680 cataractas,

262 1700 325 1734 ille
336 1726 346 1743 ,
364 1698 430 1733 ubi
449 1698 615 1745 primum
634 1696 826 1743 Illyricum
846 1696 949 1730 alluit
962 1709 970 1736 ;
983 1696 1204 1730 Ptolemaeus
1225 1694 1272 1729 ad
1286 1695 1491 1742 Axiopolin
1504 1697 1653 1740 urbem3

264 1760 456 1807 Appianus
477 1759 524 1793 ad
549 1757 636 1793 Savi
658 1756 821 1791 fluminis
847 1769 929 1790 cum
948 1769 992 1791 eo
1015 1755 1306 1800 confluentiam;
1330 1756 1454 1803 itaque
1480 1764 1520 1792 ut
1538 1770 1653 1805 supe—

266 1822 343 1856 rior
361 1833 447 1867 pars
465 1819 659 1854 Danubius
675 1845 684 1858 ‚
709 1818 868 1853 inferior
886 1830 976 1852 vero
1004 1819 1103 1852 Ister
1121 1825 1286 1853 vocetur.

319 1882 402 1917 CAP.
428 1882 494 1914 Vl.
520 1881 664 1914 Eodem
690 1880 809 1913 innati
829 1881 918 1913 solo.
944 1879 1154 1926 Indigenae,
1182 1880 1307 1926 quales
1330 1880 1553 1927 Aborigines
1578 1882 1653 1914 La-

266 1944 324 1987 tii,
351 1949 550 1991 αύτόχθενες,
576 1948 733 1992 γηγενεῖς,
754 1942 948 1988 terrigenae
970 1941 1156 1984 Ausonio,
1176 1941 1215 1975 in
1235 1942 1406 1988 catalogo
1434 1942 1579 1976 urbium
1602 1956 1609 1975 :

477 2026 570 2055 Nunc
580 2031 609 2055 et
625 2024 786 2066 terrigenis
800 2024 938 2066 patribus
954 2034 1158 2055 memoremus
1174 2023 1325 2055 Athenas.

267 2116 416 2157 Cicero,
444 2126 514 2161 pro
534 2114 576 2148 L.
600 2113 752 2156 Flacco,
776 2125 805 2146 c.
835 2112 881 2146 26
908 2125 915 2145 :
942 2111 1171 2146 Athenarum
1207 2113 1288 2146 urbs
1310 2121 1488 2147 vetustate
1513 2125 1559 2147 ea
1583 2122 1653 2156 est,

268 2185 307 2211 ut
326 2177 410 2224 ipsa
432 2188 479 2210 ex
504 2187 584 2210 sese
609 2175 702 2208 cives
725 2186 810 2208 suos
833 2174 1005 2221 genuisse
1026 2173 1179 2208 dicatur.
1210 2173 1372 2217 Quidam
1402 2181 1527 2209 tamen
1554 2176 1656 2210 colo-

267 2250 336 2273 nos
361 2237 547 2273 Saitarum
572 2235 814 2270 Athenienses
841 2235 1073 2270 dictitabant.
1106 2235 1198 2270 Vide
1223 2236 1340 2270 Dion.
1363 2236 1463 2279 S1c.‚
1483 2249 1515 2278 1,
1543 2235 1602 2271 28.

324 2298 537 2344 Biformem.
571 2297 616 2331 Id
641 2303 694 2331 est
720 2297 811 2331 duas
836 2297 1039 2331 habentem
1063 2303 1235 2339 naturas,
1261 2296 1355 2331 sicut
1382 2298 1565 2341 Bacchus,
1591 2299 1655 2345 qui

269 2364 379 2409 διφυὴς
404 2366 439 2393 et
464 2361 614 2408 δίμῦρφος
638 2357 820 2392 vocitatus
844 2364 914 2400 est,
935 2364 974 2391 ut
999 2357 1110 2392 docet
1128 2358 1337 2402 Diodorus,
1356 2359 1535 2405 quoniam
1560 2360 1655 2393 Bac-

269 2422 356 2455 chus
382 2420 519 2466 duplex
546 2419 637 2463 fuit,
663 2419 755 2454 deus
775 2425 809 2453 et
831 2418 946 2452 homo
974 2432 980 2451 :
1007 2418 1132 2465 prior,
1158 2419 1276 2453 barba
1300 2420 1500 2466 promissa,
1527 2428 1581 2455 est
1602 2422 1654 2456 sol

274 2481 500 2524 solstitialis,
526 2481 565 2514 in
589 2481 722 2515 coelum
754 2479 977 2522 ascenden53
1009 2481 1212 2526 posterior,
1235 2481 1421 2527 speciosus
1442 2481 1588 2527 juvenis
1622 2489 1657 2516 et

271 2542 467 2585 delicatus,
488 2548 540 2576 est
563 2541 619 2575 sol
638 2541 834 2583 brumalis,
862 2541 930 2575 sub
952 2541 1060 2587 signo
1086 2541 1259 2576 Hominis
1281 2555 1345 2577 seu
1370 2543 1532 2589 Aquarii.
1559 2543 1655 2577 Hinc

271 2604 375 2638 illum
399 2603 438 2637 in
461 2603 600 2650 hymno
626 2604 775 2651 ἃίμςρφω
803 2602 956 2636 nomine
983 2603 1115 2636 salutat
1140 2603 1330 2650 Orpheus;
1356 2603 1429 2637 alio
1452 2604 1534 2637 loco
1560 2605 1655 2653 Sicu-J,

274 2673 403 2704 Auoskv
432 2663 543 2713 iaz-Lm
575 2670 783 2709 nuncupat,
814 2663 886 2697 hoc
921 2670 971 2697 est
1007 2664 1165 2711 duplicis
1200 2672 1341 2699 natura?
1372 2664 1524 2710 Lysiam
1564 2666 1653 2699 Iact-
