1783 3282
239 259 311 303 246
579 231 970 294 ADNOTATIONES
1001 258 1054 291 IN
1085 256 1275 291 JUSTINI

237 337 441 372 historiam.
465 336 522 370 De
551 336 698 370 Cratero
718 335 798 370 haec
816 334 1003 370 narranda
1025 339 1149 376 erant,
1162 339 1203 367 ut
1215 340 1433 368 narraverat
1452 334 1615 381 Trogus,

237 405 330 433 teste
350 398 514 446 Prologo
542 409 549 430 ε
571 397 734 439 Bellum,
762 409 832 444 quo
856 397 1040 429 Eumenes
1059 394 1342 440 Neoptolemum
1365 402 1401 429 et
1425 394 1614 429 Craterum

237 459 378 493 occidit.

701 535 755 568 IN
786 532 1008 567 LIBRUM
1035 532 1149 566 XIV.

297 644 461 680 Justinus
480 644 520 678 in
541 644 613 678 hoc
635 642 733 676 libro
756 639 879 674 omisit
901 640 1039 674 bellum
1060 640 1238 687 Antigoni
1260 641 1299 675 in
1318 642 1503 677 Aridaeum
1525 649 1561 677 et
1579 644 1618 677 in

239 707 392 750 Clitum,
420 705 557 741 deinde
575 701 775 739 certamina
790 701 836 736 de
854 702 1036 748 portubus
1049 702 1279 737 Athenarum
1291 729 1300 746 ,
1325 715 1405 749 quae
1421 703 1619 751 Pompeius

238 770 427 804 retulerat.

293 831 376 865 cip.
394 830 423 863 Ι.
449 826 627 862 Επενσίτα
649 826 685 859 in
700 823 880 861 AEtoliam
898 832 1081 871 promoto.
1098 825 1237 859 Iterum
1261 825 1299 859 in
1318 825 1511 860 historiam
1530 838 1619 872 pec-

239 898 361 934 catur,
387 888 570 924 nescimus
594 887 799 922 scribarum
828 898 876 920 an
896 885 1033 920 Justini
1063 887 1180 932 culpa.
1204 886 1411 921 Historicos
1430 887 1461 921 si
1483 899 1619 921 consu-

240 953 369 994 limus,
407 955 562 996 apparet
592 948 665 995 legi
691 948 828 983 debere
860 948 1047 990 AEolimn,
1081 947 1181 993 quod
1211 959 1281 994 pro
1311 949 1457 983 AEolide
1493 949 1620 995 Nepos

241 1024 390 1059 quoque
422 1010 538 1054 dixit,
572 1009 741 1052 Conone,
775 1021 855 1056 cap.
884 1007 917 1043 5.
945 1009 1068 1042 Etiam
1093 1008 1148 1042 illi
1172 1008 1366 1043 historiam
1390 1009 1533 1043 violant
1558 1010 1620 1055 qui

241 1073 426 1110 AEtuliam
450 1071 713 1114 restituerunt,
739 1071 803 1117 qui
828 1077 963 1105 tractus
989 1077 1043 1104 est
1064 1070 1249 1104 Armeniae
1270 1070 1446 1113 Minoris,
1471 1070 1619 1116 Cappa—

241 1135 358 1169 dociae
385 1132 599 1179 contiguus,
625 1144 698 1179 quo
719 1131 888 1178 sequenti
908 1131 1058 1166 demum
1077 1143 1176 1165 anno
1202 1131 1410 1177 penetravit
1428 1132 1620 1166 Eumenes.

292 1195 376 1230 Cn.
400 1195 469 1228 ΙΙΙ.
493 1193 673 1229 Praeteriit
697 1200 782 1228 ante
808 1193 885 1228 haec
905 1192 1069 1227 Justinus
1093 1192 1267 1227 Eumenis
1288 1193 1564 1240 expeditionem
1584 1193 1623 1227 in

242 1256 441 1291 Phoenicen
475 1262 510 1290 et
540 1255 654 1289 multa
687 1254 776 1297 alia,
804 1254 843 1288 in
867 1254 1000 1300 quibus
1030 1252 1232 1288 certamina
1263 1266 1345 1288 cum
1370 1254 1558 1301 Antigono
1584 1254 1622 1288 in

243 1317 486 1352 orientalibus
520 1315 725 1362 provinciis
760 1315 971 1358 commissa,
1007 1321 1204 1360 antequam
1239 1327 1383 1362 pugna,
1422 1328 1531 1362 quam
1564 1315 1624 1349 hie

244 1385 387 1421 narrat,
416 1378 540 1411 locum
566 1377 732 1411 haberet.

297 1440 533 1485 Super-antur.
557 1437 703 1472 Scilicet
727 1437 887 1484 equites,
919 1449 996 1470 non
1023 1436 1143 1470 omnis
1164 1438 1346 1472 exercitus
1367 1450 1375 1472 τ
1397 1450 1483 1472 nam
1508 1439 1624 1484 Argy—

245 1500 400 1546 raspidae
424 1499 464 1533 in
485 1511 551 1533 suo
577 1511 696 1532 cornu
721 1499 899 1533 vicerant.

296 1560 378 1594 Cap,
405 1561 449 1594 V.
471 1562 506 1594 A
534 1559 696 1594 Groecia.
718 1559 778 1593 Ibi
799 1559 899 1594 enim
920 1566 1169 1594 commoratus
1190 1560 1406 1607 aliquandiu
1427 1560 1565 1603 fuerat,
1588 1566 1627 1593 ut

245 1634 326 1657 eam
350 1628 499 1668 pacaret
524 1621 563 1654 in
589 1633 746 1667 suasque
773 1627 808 1655 et
834 1621 1067 1667 Olympiadis
1094 1628 1216 1667 partes
1241 1622 1427 1665 traheret;
1453 1629 1628 1669 praeterea

245 1683 445 1719 seditiones
471 1695 539 1729 per
558 1682 807 1716 Cassandrum
827 1681 898 1715 sibi
921 1682 968 1716 ab
991 1682 1192 1729 Antipatro
1212 1690 1317 1730 patre
1338 1683 1376 1717 in
1399 1683 1628 1718 successione

245 1744 492 1793 postpositum
518 1751 637 1778 motas
663 1755 898 1789 compescere
921 1744 1122 1790 satagebat.

299 1806 501 1852 Spartani,
523 1805 666 1846 urbem,
692 1811 761 1839 etc.
777 1805 832 1839 De
846 1804 914 1839 hac
934 1817 973 1839 re
994 1805 1222 1841 accuratiora
1240 1806 1352 1841 tradit
1372 1806 1568 1842 Pausanias
1591 1805 1628 1839 in

251 1867 447 1909 Achaicis,
474 1878 553 1912 cap.
582 1865 614 1900 8.

300 1929 382 1963 CAP.
406 1928 467 1961 VI.
484 1928 624 1973 Nepote
641 1925 835 1975 (Hercule).
851 1928 948 1962 Bene
962 1928 1133 1962 hocloco
1149 1928 1373 1975 Bongarsius
1395 1942 1402 1962 :
1428 1946 1442 1960 «
1460 1928 1630 1962 Barsines

246 1990 305 2024 hic
324 1987 420 2023 filius
440 1995 534 2031 erat;
558 1989 724 2023 Roxanis
742 1990 963 2023 Aleoeancler
977 1989 1182 2023 vocabatur
1200 2002 1206 2022 ε
1230 1989 1275 2023 de
1309 2002 1381 2035 quo
1401 1990 1461 2023 hic
1492 1989 1631 2035 agitur,

248 2057 287 2085 ut
308 2057 409 2096 patet
435 2062 479 2085 ex
503 2050 696 2093 Diodoro,
721 2061 806 2094 xxx,
831 2062 860 2085 c.
888 2049 946 2084 52.
969 2050 1126 2084 Videtur
1149 2061 1238 2096 ergo
1265 2050 1427 2084 Justinus
1449 2050 1632 2084 memoria

249 2111 383 2158 lapsus.
404 2127 417 2141 υ

284 2173 410 2219 ·Regis
431 2173 583 2206 Arldoez'.
608 2174 729 2207 Immo
751 2172 875 2219 potius
897 2171 1063 2219 Philippi
1083 2176 1269 2220 Amyntae,
1300 2179 1341 2206 ut
1362 2172 1440 2219 ipse
1462 2172 1630 2206 ,Iustinus

249 2234 284 2266 in
310 2233 417 2268 initio
442 2246 522 2281 cap.
545 2232 832 2281 significaverat.
856 2233 1004 2268 Erroris
1028 2246 1176 2269 causam
1201 2234 1380 2269 indicavit
1401 2235 1579 2281 Bongars.

728 2361 786 2394 IN
818 2360 1041 2395 LIBRUM
1070 2362 1160 2395 XV.

304 2469 425 2511 Quam
449 2483 563 2516 pauca
587 2471 752 2506 Justinus
789 2482 832 2505 ex
857 2471 965 2517 plena
1001 2471 1215 2507 narratione
1240 2471 1409 2518 Pompeii
1428 2472 1543 2518 Trogi
1565 2472 1635 2506 hoc

251 2529 349 2563 libro
367 2531 579 2577 reliquerit,
603 2533 741 2567 collato
763 2533 924 2579 Prologo
951 2539 1115 2579 apparet.
1137 2533 1260 2568 Semel
1282 2545 1439 2577 moneo,
1454 2545 1536 2567 eum
1561 2532 1635 2566 ori—

251 2589 354 2635 gines
375 2592 523 2627 urbium
546 2600 582 2628 et
612 2592 699 2627 situs
723 2599 902 2627 terrarum
923 2594 969 2627 de
989 2606 1093 2629 more
1115 2595 1305 2637 omittere,
1325 2602 1366 2629 ut
1386 2595 1423 2629 in
1444 2595 1516 2629 hoe
1536 2594 1634 2628 libro

251 2650 414 2697 origines
440 2653 565 2688 insulae
591 2653 731 2689 Rhodi.
