1783 3282
292 279 363 303 222
758 269 907 305 NOTAE
931 269 985 304 IN
1014 267 1205 303 JUSTINI

290 359 367 386 tum
392 350 519 395 fuisse,
543 359 696 399 apparet
720 365 766 388 ex
789 365 851 395 eo,
873 353 973 400 quod
1000 352 1112 394 Gelo,
1139 352 1452 398 Syracusanorum
1473 358 1668 399 tyrannus,

288 412 422 446 Xerxis
446 419 634 459 tempore,
654 420 689 448 et
717 414 813 448 hanc
833 413 981 448 foederis
1005 411 1262 446 conditionem
1285 412 1342 446 his
1366 413 1494 448 fecisse
1517 413 1668 457 dicitur,

289 486 335 508 ne
363 474 534 509 homines
557 474 805 510 immolarent.
835 476 959 520 Atque
983 473 1099 519 longo
1124 478 1293 519 tempore
1315 481 1420 519 post,
1442 475 1486 509 A.
1506 475 1551 509 V,
1575 478 1667 517 444,

288 536 393 582 gravi
424 536 529 571 clade
563 537 610 570 ab
646 537 854 582 Agathocle
885 534 1026 578 affecti,
1051 534 1274 580 quingentos
1301 547 1436 581 pueros
1457 536 1668 570 immolasse

289 597 460 631 dicuntur
486 597 658 632 Diodoro
671 624 679 640 ,
694 609 761 639 xx,
785 601 841 638 14.
863 596 950 639 Quo
968 595 1043 629 ritu
1059 595 1164 630 Poeni
1182 594 1320 629 liberos
1339 595 1587 641 immolarint,
1603 609 1667 631 re-

289 658 358 693 fert
382 659 612 700 Plutarchus,
631 658 670 691 in
695 657 793 690 libro
818 657 866 690 de
890 656 1074 703 Super-st„
1099 668 1128 690 c.
1156 668 1215 691 21.
1241 656 1442 691 Rationem
1463 657 1527 691 sed
1549 657 1668 691 frivo-

288 720 362 753 lam
383 719 494 753 habet
512 719 652 761 Varro,
673 717 737 751 lib.
764 730 834 752 XVI
866 717 1084 751 Divinarum
1108 729 1246 760 rerum,
1279 718 1415 752 citante
1444 718 1667 764 Augustino,

287 781 334 814 de
355 780 426 814 Cic.
450 780 545 821 Dei,
566 791 646 823 vn,
673 792 718 826 19
740 792 747 813 τ
766 780 857 814 Ideo
877 792 902 813 α
921 780 1141 826 quibusdam
1155 782 1268 826 pueri
1287 779 1445 814 Saturno
1469 780 1573 814 soliti
1587 788 1672 814 sunt

287 842 481 884 immolari,
495 842 589 876 sicut
597 854 622 875 a
630 841 756 875 Poem‘r
763 867 774 883 ,
784 849 848 875 eta
857 841 1077 888 quibusdam
1087 841 1201 875 etiam
1211 840 1382 885 majores,
1392 842 1514 875 sicula
1525 841 1646 875 Gallis
1655 854 1669 882 ,-

287 904 393 949 quia,
425 902 494 945 ait,
519 903 679 936 omnium
702 903 880 936 seminum
905 903 1078 948 optimum
1103 910 1156 936 est
1174 915 1291 950 genus
1317 902 1531 936 humanum.
1557 902 1668 937 Pueri

289 964 386 997 enim
413 964 572 997 Saturno
593 963 901 1007 immolabantur,
925 963 1063 1010 quippe
1097 963 1163 1010 qui
1188 962 1391 1010 fingeretur
1414 964 1554 998 liberos
1582 976 1667 998 suos

286 1025 486 1067 masculos,
506 1024 575 1059 ubi
592 1024 754 1071 primum
779 1024 857 1059 nati
876 1031 1014 1068 essent,
1038 1024 1237 1067 devorare,
1255 1025 1315 1059 vel
1334 1024 1458 1071 potius
1473 1025 1570 1069 Soli,
1585 1024 1669 1059 cum

287 1086 391 1132 signa
410 1086 643 1121 ascendentia
657 1086 847 1128 transiret,
871 1093 906 1120 et
926 1086 1040 1122 radiis
1059 1086 1132 1121 suis
1153 1086 1271 1133 igneis
1293 1085 1520 1121 incenderet.
1534 1088 1669 1121 Praeter

287 1147 628 1194 Carthaginienses,
646 1148 718 1182 hoc
740 1147 980 1182 immanitatis
1008 1147 1097 1182 dirae
1120 1146 1339 1182 sacrificium
1363 1147 1562 1195 Dionysius
1587 1148 1668 1183 Ha—

285 1210 413 1244 licarn.
428 1238 437 1254 ,
473 1223 504 1252 1,
545 1208 611 1253 38,
649 1209 776 1244 Gallos
817 1209 928 1244 etiam
963 1208 1126 1255 aliasque
1160 1216 1288 1256 gentes
1321 1209 1570 1244 occidentales
1606 1221 1669 1244 sua

288 1271 489 1306 etiamnum
515 1278 617 1305 aetate
632 1298 641 1315 ,
663 1272 731 1306 sub
752 1271 910 1318 Augusti
933 1270 1143 1318 principatu
1161 1270 1323 1306 tenuisse
1344 1270 1490 1313 scribit,
1510 1283 1670 1305 consen-

288 1333 400 1368 tiente
424 1334 581 1377 Caesare,
613 1334 737 1375 Gall„
763 1346 820 1376 v1,
853 1332 918 1375 16,
945 1340 979 1366 et
996 1332 1136 1376 Plinio,
1165 1345 1257 1375 xxx,
1286 1345 1324 1377 1,
1345 1331 1439 1376 fine,
1462 1338 1497 1366 et
1521 1331 1668 1374 Tacito,

290 1395 423 1438 Germ„
447 1408 474 1429 c.
488 1408 530 1442 9,
551 1402 586 1430 et
606 1395 745 1438 Curtio,
767 1407 819 1438 lv,
840 1393 875 1438 8,
895 1402 929 1429 et
948 1395 1039 1430 Silio
1062 1394 1212 1438 Italico,
1226 1394 1291 1429 lib.
1310 1406 1362 1437 lv,
1376 1407 1410 1427 v.
1424 1393 1508 1438 767.

340 1456 479 1491 Pacem
511 1458 669 1491 deorum.
700 1456 854 1502 Proprie
887 1456 1043 1490 verbum
1075 1463 1127 1490 est
1159 1454 1393 1502 pontificale,
1417 1462 1458 1489 ut
1490 1462 1589 1489 recte
1620 1454 1670 1489 ait

287 1519 545 1552 Berneccerus.
563 1518 616 1551 Ita
637 1517 784 1560 Livius,
807 1530 868 1551 vn
883 1545 891 1560 ,
914 1529 934 1550 2
957 1531 963 1550 z
990 1518 1103 1551 Pacis
1124 1518 1232 1551 deum
1258 1517 1508 1563 exposcendae
1529 1529 1667 1557 causa,

288 1579 545 1613 lectisternium
552 1577 641 1623 fult.
668 1579 836 1622 Plautus,
857 1578 1024 1625 Amphz‘t.
1037 1606 1048 1621 ,
1073 1591 1116 1621 v,
1138 1591 1172 1622 1,
1196 1577 1266 1622 75:

476 1659 519 1687 Ut
535 1657 622 1688 ,Iovis
637 1658 774 1699 supremi
786 1682 793 1689 ,
809 1657 912 1688 multis
927 1657 1053 1688 hostiis.
1068 1668 1177 1700 pacem
1193 1664 1346 1700 expetam.

287 1730 396 1764 Silius
410 1731 490 1764 Ital.
506 1757 514 1771 ,
529 1730 593 1764 lib.
609 1743 675 1772 xv,
695 1744 728 1763 v.
747 1729 821 1777 439
838 1744 844 1764 :

473 1809 656 1839 Gramineas
675 1819 781 1850 pacem
799 1820 946 1851 superum
963 1809 1107 1851 poscebat
1125 1809 1165 1840 ad
1181 1820 1260 1840 aras.

342 1891 424 1925 CAP.
446 1891 527 1924 VII.
552 1891 730 1925 Maleum.
753 1892 797 1924 In
826 1891 906 1925 aliis
935 1890 1128 1925 codicibus
1154 1898 1232 1925 erat
1260 1890 1472 1925 Macheum.
1499 1891 1669 1924 flffezeum

288 1951 461 1995 Orosius,
489 1965 547 1995 IV,
579 1951 623 1993 6,
656 1952 790 1995 habet,
818 1952 881 1999 qui
912 1953 1078 1999 Trogum
1104 1959 1279 1998 sequutus
1299 1964 1376 1987 esse
1406 1951 1571 1993 videtur,
1596 1950 1671 1985 fac-

289 2021 440 2059 tumque
459 2012 581 2059 ipsum
601 2013 776 2048 accidisse
794 2013 907 2048 refert
926 2012 1012 2060 Cyri
1036 2013 1279 2060 temporibus.
1304 2012 1433 2048 Malim
1447 2019 1569 2047 autem
1583 2013 1671 2046 Ma-

291 2076 387 2108 [eum
406 2087 416 2107 .-
433 2074 584 2108 Maleus
611 2074 707 2109 enim
719 2101 728 2117 ,
746 2074 866 2109 Plinio
878 2101 886 2117 ,
907 2087 939 2108 11
951 2101 960 2117 ,
978 2074 1023 2117 73
1037 2101 1046 2117 ,
1066 2073 1106 2108 in
1123 2074 1239 2108 Indiae
1260 2080 1368 2120 gente
1387 2075 1542 2109 Oretum
1561 2085 1670 2107 mons

292 2142 362 2179 est3
388 2135 558 2177 fllaleos,
578 2136 753 2177 Ptolem.,
778 2147 823 2169 ex
842 2134 1063 2169 Hebudibus
1093 2135 1223 2169 insulis
1251 2148 1345 2179 una,
1368 2135 1535 2178 Maliea,
1566 2135 1670 2170 Stra-

290 2196 402 2239 boni,
426 2197 449 2230 l.
464 2208 568 2240 XIII,
588 2196 675 2231 urbs
697 2196 912 2239 Thessaliae,
939 2209 959 2230 a
985 2208 1056 2242 qua
1078 2196 1211 2243 populi
1230 2196 1409 2240 Maliees,
1438 2203 1473 2231 et
1493 2208 1594 2230 mare
1611 2195 1670 2229 vi—

291 2258 413 2291 cinum
445 2258 653 2291 BIalienum
691 2257 841 2301 dicitur,
867 2257 1028 2303 denique
1056 2258 1243 2301 fflalieus,
1273 2264 1429 2303 Μαλιεὺς,
1460 2257 1670 2305 Stephano,

289 2318 397 2362 urbs3
412 2325 447 2353 et
468 2318 556 2353 hinc
575 2319 676 2353 sinus
695 2319 904 2361 slffallacus,
931 2317 1070 2364 gentile
1090 2319 1254 2352 fllalieus
1277 2325 1313 2353 et
1332 2319 1543 2361 Maleates,
1567 2318 1670 2365 quod

291 2393 311 2413 a
337 2381 491 2423 Malea,
515 2379 779 2426 promontorio
807 2379 997 2422 Laconiae‚
1018 2379 1216 2414 derivatur.
1239 2381 1392 2415 Mezeus
1417 2392 1509 2414 vero
1531 2392 1670 2414 nomen

290 2448 432 2475 tantum
460 2441 559 2488 apud
587 2442 762 2476 Orosium
786 2440 981 2487 reperitur.
1007 2441 1112 2475 Vane
1139 2440 1253 2488 igitur
1278 2442 1445 2475 Maleum
1463 2440 1540 2476 sive
1565 2441 1669 2475 Mal-

290 2503 399 2536 clmm
421 2502 581 2547 conjecit
605 2504 650 2537 Is.
671 2501 841 2543 Vossius,
867 2502 924 2536 cui
943 2502 1016 2536 hoc
1034 2514 1174 2536 nomen
1195 2508 1247 2536 est
1265 2502 1497 2537 Phoenicium
1514 2503 1575 2537 vel
1592 2514 1670 2536 rec-

291 2565 362 2598 tius
376 2563 601 2598 Hebraicum
617 2560 829 2609 (Phoenicia
852 2562 953 2597 enim
971 2563 1097 2610 lingua
1123 2563 1278 2597 omnino
1293 2563 1421 2609 ignota
1436 2560 1512 2608 est)
1528 2562 1670 2597 melech

291 2632 352 2660 aut
381 2624 528 2666 malch,
558 2636 636 2658 rex.
666 2623 767 2658 Nihil
787 2623 887 2658 enim
913 2623 1015 2670 apud
1037 2630 1204 2658 auctores
1229 2625 1377 2658 Graecos
1405 2625 1670 2669 Romanosque

289 2686 516 2722 Phoenicium
540 2697 607 2720 nec
628 2684 868 2728 Hebraieum3
895 2684 959 2719 sed
983 2684 1106 2719 omnia
1133 2687 1258 2719 Graeca
1284 2692 1345 2718 aut
1365 2687 1543 2718 Romana.
1569 2684 1607 2719 Si
1630 2684 1669 2718 id
