1783 3282
343 268 388 306 74
931 262 1117 297 JUSTINI

343 343 560 387 minondae
575 377 586 397 ‚
605 345 762 387 summi
781 355 823 388 et
843 344 1090 405 philosophi
1108 355 1151 388 et
1174 346 1467 405 imperatoris,
1491 344 1706 405 deposuit.

344 425 436 467 Nec
458 422 595 467 multo
616 432 715 483 post
738 423 980 467 Alexander
1007 423 1172 466 insidiis
1195 424 1431 483 Eurydices
1460 425 1609 468 matris
1630 440 1707 484 ap-

345 503 506 562 petitus
531 503 782 546 occumbit:
813 503 881 545 cui
912 504 1122 562 Amyntas
1152 502 1197 544 in
1223 501 1382 545 scelere
1412 502 1708 563 deprehensae‚

344 591 524 641 propter
558 596 810 625 communes
838 579 1018 636 liberos,
1050 582 1226 641 ignarus
1261 580 1413 623 iisdem
1449 581 1711 641 quandoque

345 660 567 704 exitiosam
596 660 706 715 fore,
739 669 1005 719 pepercerat.
1032 661 1184 703 Frater
1213 675 1387 718 quoque
1420 660 1511 718 ejus
1538 660 1712 703 Perdic-

344 755 414 782 cas
441 740 535 798 pari
563 738 818 781 insidiarum
838 738 990 782 fraude
1007 738 1236 799 decipitur.
1259 737 1498 798 Indignum
1518 754 1711 797 prorsus,

345 816 536 861 libidinis
561 833 686 860 causa
713 816 870 860 liberos
899 834 923 860 a
950 827 1088 861 matre
1117 818 1205 860 vita
1227 817 1439 877 privatos,
1468 832 1598 876 quam
1622 833 1713 860 sce-

344 894 484 939 lerum
515 912 693 939 suorum
722 895 945 956 suppliciis
975 895 1212 939 liberorum
1240 894 1550 956 contemplatio
1576 895 1715 938 vindi-

347 984 533 1017 caverat.
561 973 775 1017 Perdiccae
799 974 883 1017 hoc
909 973 1129 1034 indignior
1159 973 1295 1017 caedes
1326 973 1573 1030 videbatur,
1597 975 1713 1034 quod

343 1054 383 1095 ei
410 1052 527 1113 apud
552 1062 736 1095 matrem
759 1052 1103 1095 misericordiam
1132 1068 1211 1095 nec
1236 1051 1443 1112 parvulus
1465 1053 1641 1112 quidem
1664 1054 1714 1096 fi-

344 1130 428 1174 lius
451 1130 770 1174 conciliaverat.
797 1133 949 1190 Itaque
973 1129 1199 1191 Philippus
1225 1130 1299 1174 diu
1323 1147 1413 1174 non
1440 1147 1587 1191 regem
1605 1166 1616 1187 ,
1640 1132 1713 1175 sed

345 1218 533 1252 tutorem
558 1208 714 1269 pupilli
737 1210 837 1269 egit.
862 1212 920 1253 At
942 1209 1015 1253 ubi
1041 1211 1239 1269 graviora
1264 1208 1377 1252 bella
1403 1210 1712 1260 imminebant,

342 1303 577 1347 serumque
600 1287 808 1330 auxilium
835 1289 880 1330 in
905 1289 1227 1347 exspectatione
1257 1288 1434 1332 infantis
1458 1298 1570 1343 erat,
1597 1305 1715 1331 com-

345 1364 495 1425 pulsus
523 1382 547 1409 a
569 1365 732 1426 populo
758 1383 942 1427 regnum
972 1368 1174 1426 suscepit.

409 1446 483 1487 VI.
509 1447 571 1488 Ut
604 1455 668 1488 est
702 1447 919 1506 ingressus
954 1446 1206 1505 imperium,
1240 1462 1397 1506 magna
1431 1445 1482 1488 de
1519 1445 1591 1488 illo
1619 1462 1715 1505 spes

345 1523 548 1566 omnibus
566 1524 667 1578 fuit,
686 1534 728 1567 et
742 1533 922 1584 propter
944 1525 1079 1584 ipsius
1103 1525 1344 1584 ingenium,
1367 1524 1483 1583 quod
1505 1541 1714 1584 magnum

346 1601 587 1660 spondebat
607 1603 768 1656 virum,
793 1613 835 1646 et
855 1612 1035 1662 propter
1049 1612 1193 1645 vetera
1210 1603 1479 1646 Macedoniae
1501 1603 1604 1657 fata,
1620 1619 1715 1662 quae

347 1681 612 1736 cecinerant,
640 1698 729 1725 uno
766 1699 817 1725 ex
847 1685 1042 1742 Amyntae
1075 1681 1174 1725 filiis
1209 1693 1437 1742 regnante,
1463 1683 1715 1725 florentissi-

347 1775 467 1802 mum
506 1759 597 1803 fore
636 1760 903 1804 Macedoniae
942 1771 1101 1804 statum
1126 1778 1133 1804 ε
1156 1763 1225 1805 cui
1265 1762 1354 1820 spei
1394 1759 1530 1803 scelus
1565 1763 1715 1804 matris

348 1837 464 1880 hunc
478 1838 700 1881 residuum
718 1838 891 1882 fecerat.
907 1840 1130 1899 Principio
1144 1841 1285 1899 regni,
1306 1856 1440 1898 quum
1459 1840 1561 1882 hinc
1581 1840 1715 1883 caedes

348 1916 533 1960 fratrum
554 1917 730 1977 indigne
754 1927 1099 1978 peremptorum,
1124 1918 1224 1960 inde
1241 1919 1431 1961 hostium
1456 1917 1714 1969 multitudo;

348 1995 451 2038 hinc
475 1995 728 2039 insidiarum
752 2006 914 2051 metus,
941 1996 1040 2039 inde
1067 1997 1213 2056 inopia
1249 1998 1468 2039 continuis
1495 1996 1618 2039 bellis
1643 2014 1715 2040 ex-

349 2074 494 2118 hausti
517 2077 659 2135 regni,
684 2077 961 2120 immaturam
985 2086 1154 2118 :etatem
1176 2076 1328 2119 tironis
1344 2086 1573 2136 urgerent,
1589 2075 1714 2131 bella,

347 2169 442 2212 quae
472 2153 590 2197 velut
622 2156 941 2214 conspiratione
969 2154 1154 2214 quadam
1187 2154 1241 2197 ad
1269 2154 1597 2214 opprimendam
1622 2157 1715 2198 Ma-

351 2233 596 2289 cedoniam,
638 2233 875 2277 multarum
928 2235 1122 2294 gentium
1165 2250 1217 2276 ex
1260 2233 1438 2276 diversis
1479 2233 1585 2276 locis
1626 2251 1714 2276 uno

350 2322 545 2372 tempore
568 2313 865 2367 confluebant,
890 2313 1095 2371 quoniam
1111 2313 1312 2355 omnibus
1330 2328 1408 2371 par
1425 2328 1515 2355 esse
1531 2329 1618 2355 non
1643 2329 1716 2371 po-

350 2399 478 2446 terat,
505 2391 791 2451 dispensanda
815 2401 952 2443 ratus3
983 2391 1065 2434 alia
1089 2392 1343 2451 interposita
1370 2392 1569 2450 pactione
1597 2408 1714 2434 com-

350 2469 475 2528 ponit
491 2504 501 2522 ,
525 2469 608 2512 alia
632 2470 832 2524 redimit,
855 2469 1066 2512 facillimis
1087 2470 1329 2529 quibusque
1353 2471 1582 2530 aggressis,
1607 2466 1715 2528 quo-

353 2565 449 2590 rum
466 2549 645 2591 victoria
662 2558 703 2591 et
720 2547 907 2591 militum
925 2549 1114 2607 trepidos
1128 2550 1292 2591 animos
1311 2549 1521 2602 firmaret,
1547 2558 1589 2591 et
1611 2565 1714 2591 con-

354 2636 566 2686 temptum
591 2627 668 2668 sibi
696 2628 883 2669 hostium
919 2627 1119 2670 demeret.
1150 2629 1342 2671 Primum
1370 2627 1428 2670 illi
1459 2644 1556 2671 cum
1583 2628 1715 2671 Athe-
