1783 3282
361 281 406 324 78
946 278 1131 314 JUSTINI

360 379 442 421 que
469 370 813 422 propugnatores
835 359 1027 413 sceleris,
1051 361 1176 419 cujus
1196 369 1322 419 turpe
1345 369 1438 403 erat
1458 358 1564 403 alios
1588 359 1722 401 vindi-

360 457 429 483 ces
457 440 614 495 fuisse;
649 441 923 483 immemores
954 454 1156 498 prorsus,
1188 438 1307 497 quod
1335 439 1379 480 in
1417 437 1559 480 dubiis
1596 437 1726 480 rebus

359 520 472 574 suis,
500 517 573 566 illo
607 518 688 562 deo
725 519 855 561 etiam
895 515 1177 559 consiliorum
1215 525 1392 559 auctore
1429 517 1493 559 usi
1526 516 1726 569 fuerant3

359 597 475 657 quod
490 597 563 640 illo
584 597 693 640 duce
708 606 773 639 tot
792 594 905 638 bella
923 595 1110 637 victores
1130 594 1318 637 inierant
1334 611 1344 648 3
1368 603 1432 637 tot
1446 595 1573 637 urbes
1590 594 1728 653 auspi-

360 686 457 719 cato
481 676 786 727 condiderant3
811 683 981 716 tantum
1004 673 1235 732 imperium
1259 682 1375 715 terra
1402 674 1598 732 marique
1619 689 1729 732 quae-

359 756 537 808 sierant;
567 753 684 814 quod
711 752 817 796 nihil
845 754 936 796 sine
968 752 1189 811 majestate
1214 752 1403 794 numinis
1427 751 1519 810 ejus
1547 761 1620 794 aut
1647 752 1729 810 pri-

359 844 467 877 vatae
483 849 674 892 unquam
690 867 700 887 ,
719 842 794 876 aut
811 830 998 891 publicae
1016 830 1078 873 rei
1097 839 1329 890 gesserant.
1350 831 1539 872 Tantum
1559 829 1727 872 facinus

360 912 581 955 admisisse
616 912 789 971 ingenia
820 911 939 954 omni
974 908 1171 952 doctrina
1197 907 1388 963 exculta,
1424 906 1728 967 pulcherrimis

360 991 525 1052 legibus
553 990 850 1048 institutisque
878 988 1084 1040 formata,
1116 996 1182 1041 ut,
1215 987 1319 1046 quid
1346 987 1527 1046 posthac
1555 1003 1729 1030 succen-

361 1085 452 1111 sere
472 1069 570 1127 jure
591 1067 786 1110 barbaris
810 1075 1004 1126 possent,
1026 1082 1113 1108 non
1136 1065 1359 1108 haberent.

423 1148 499 1190 III.
532 1145 615 1188 Sed
638 1161 717 1188 nec
752 1143 980 1204 Philippus
1003 1142 1195 1187 melioris
1221 1143 1322 1186 fidei
1356 1142 1560 1186 adversus
1588 1144 1728 1186 socios

360 1224 442 1267 fuit
477 1241 485 1266 :
519 1225 706 1284 quippe,
746 1223 879 1266 veluti
919 1224 1075 1266 timens
1111 1238 1164 1265 ne
1198 1222 1251 1265 ab
1285 1222 1481 1265 hostibus
1515 1221 1728 1283 sacrilegii

360 1302 519 1346 scelere
554 1303 825 1357 vinceretur,
864 1302 1058 1345 civitates
1079 1335 1089 1355 ,
1125 1317 1310 1360 quarum
1349 1299 1480 1360 paulo
1513 1310 1612 1344 ante
1641 1301 1729 1345 dux

361 1381 524 1431 fuerat,
553 1397 647 1440 quae
679 1381 757 1424 sub
787 1380 989 1440 auspiciis
1015 1380 1106 1440 ejus
1135 1379 1445 1433 militaverant,
1471 1396 1567 1439 quae
1590 1389 1731 1441 gratu-

361 1459 455 1503 latae
480 1458 541 1502 illi
573 1460 739 1519 sibique
772 1460 1000 1502 victoriam
1029 1459 1221 1514 fuerant,
1250 1457 1467 1501 hostiliter
1495 1469 1729 1519 occupatas

361 1538 565 1596 diripuit;
601 1539 806 1598 conjuges
839 1538 1082 1597 liberosque
1111 1538 1307 1580 omnium
1336 1538 1414 1580 sub
1448 1554 1609 1581 corona
1633 1555 1731 1582 ven-

361 1616 470 1658 didit
499 1632 621 1659 :non
657 1617 837 1659 deorum
874 1616 1186 1659 immortalium
1221 1615 1414 1675 templis,
1450 1632 1538 1659 non
1567 1616 1730 1661 aedibus

361 1695 517 1748 sacris,
547 1711 633 1738 non
661 1694 740 1738 diis
768 1695 995 1754 penatibus
1021 1694 1207 1754 publicis
1235 1695 1518 1754 privatisque,
1545 1695 1599 1738 ad
1621 1713 1730 1756 quos

361 1772 489 1831 paulo
515 1783 612 1816 ante
637 1775 852 1834 ingressus
880 1772 1153 1833 hospitaliter
1176 1774 1333 1829 fuerat,
1358 1775 1552 1834 pepercit
1577 1792 1586 1817 :
1615 1792 1732 1835 pror-

362 1868 453 1905 sus,
477 1862 525 1894 ut
551 1868 637 1895 non
658 1862 745 1895 tarn
777 1852 989 1912 sacrilegii
1010 1852 1126 1896 ultor
1150 1854 1385 1907 exstitisse,
1412 1869 1543 1912 quam
1567 1853 1732 1898 sacrile-

361 1931 531 1989 giorum
558 1929 777 1973 licentiam
803 1932 1000 1990 quaesisse
1025 1931 1258 1975 videretur.
1286 1931 1411 1985 Inde,
1436 1931 1573 1974 veluti
1600 1933 1730 1976 rebus

361 2010 531 2069 egregie
557 2010 706 2069 gestis,
732 2010 776 2052 in
801 2009 1124 2070 Cappadociam
1153 2010 1314 2070 trajicit
1339 2027 1347 2052 ε
1372 2010 1468 2063 ubi,
1493 2009 1608 2053 bello
1638 2013 1730 2071 pari

362 2085 544 2146 perfidia
571 2098 712 2148 gesto,
743 2089 965 2148 captisque
995 2105 1072 2148 per
1099 2088 1248 2132 dolum
1277 2098 1319 2131 et
1351 2089 1504 2132 occisis
1535 2088 1729 2132 finitimis

362 2166 553 2225 regibus,
579 2167 826 2210 universam
855 2168 1125 2226 provinciam
1156 2168 1340 2227 imperio
1368 2167 1636 2211 Macedoniae
1662 2169 1731 2211 ad-

358 2245 514 2304 jungit.
542 2245 710 2289 Deinde
736 2246 790 2289 ad
817 2246 1072 2290 abolendam
1103 2247 1292 2306 perfidiae
1319 2246 1496 2303 famam,
1524 2264 1609 2307 qua
1633 2249 1730 2291 insi-

364 2325 457 2383 gnis
482 2334 637 2384 praeter
657 2335 822 2369 ceteros
845 2336 949 2369 tunc
978 2327 1184 2386 temporis
1209 2326 1470 2382 habebatur,
1500 2343 1577 2386 per
1596 2344 1729 2388 regna

364 2404 498 2446 mittit
530 2413 573 2447 et
598 2403 946 2464 opulentissimas
980 2405 1195 2459 civitates,
1228 2406 1301 2465 qui
1335 2407 1585 2465 opinionem
1624 2423 1730 2450 sere-

364 2492 477 2535 rent,
506 2499 652 2543 regem
677 2483 929 2544 Philippum
958 2500 1114 2544 magna
1138 2485 1321 2544 pecunia
1343 2484 1487 2528 locare
1512 2495 1556 2529 et
1581 2502 1728 2529 muros

363 2576 439 2620 per
457 2562 653 2606 civitates
669 2596 680 2618 ‚
702 2573 745 2606 et
766 2562 888 2619 fana,
913 2573 956 2606 et
977 2562 1138 2623 templa
1160 2563 1376 2619 facienda3
1403 2574 1446 2608 et
1463 2574 1513 2608 ut
1528 2580 1606 2625 per
1625 2581 1729 2624 prae-

363 2655 491 2685 cones
509 2651 781 2702 susceptores
795 2640 1089 2685 sollicitarent.
1108 2643 1197 2699 Qui
1213 2659 1347 2702 quum
1366 2643 1410 2686 in
1423 2642 1725 2687 Macedoniam
