1783 3282
512 273 859 308 HISTORIARUM
890 277 978 310 LIB.
1010 279 1109 312 xxi.
1426 285 1492 318 ιδ’)

135 363 276 408 retur,
295 362 369 396 aut
393 371 416 397 a
440 371 526 397 non
547 355 798 398 timentibus
820 356 986 400 facilius
1007 370 1366 405 contemneretur.
1385 364 1493 407 Nam

134 430 232 475 licet
255 433 487 492 tyrannicis
509 434 622 477 vitiis
641 451 808 496 semper
825 435 1066 479 abundaret
1081 471 1092 493 ,
1115 448 1255 482 tamen
1277 440 1494 484 simulatio

132 518 222 554 haec
239 512 460 568 vitiorum,
477 529 565 556 non
581 523 746 556 naturae
760 523 851 558 crat
867 531 876 558 ε
892 516 1115 575 magisque
1130 516 1219 559 haec
1237 528 1348 574 arte,
1364 537 1492 578 quam

131 590 287 633 amisso
311 590 445 651 regali
472 592 639 650 pudore
663 592 866 649 faciebat,
891 603 1094 654 expertus
1124 610 1252 654 quam
1279 597 1413 640 invisa
1437 609 1496 657 ty-

132 685 373 713 rannorum
398 670 542 714 forent
574 672 702 714 etiam
734 673 825 715 sine
849 673 1004 732 opibus
1029 673 1219 716 nomina.
1249 674 1493 719 Laborabat

131 748 275 808 itaque
295 749 501 792 invidiam
520 751 840 809 praeteritorum
859 761 1113 811 contemptu
1130 753 1408 813 praesentium
1428 754 1496 796 de—

130 843 248 870 mere
264 844 272 870 :
289 843 428 887 neque
451 828 634 871 honesta
649 862 660 884 ,
687 829 761 872 sed
785 838 878 872 tuta
908 830 1087 873 consilia
1106 831 1491 892 circumspiciebat.

130 910 251 950 Inter
276 907 353 949 has
379 915 523 950 tamen
551 906 878 951 simulationum
901 918 1014 952 artes
1044 909 1319 953 insimulatus
1347 921 1411 954 est
1436 912 1495 954 as-

128 987 292 1030 fectatae
320 985 580 1045 tyrannidi83
614 1003 693 1031 nec
729 986 854 1031 aliter
876 1004 1007 1047 quam
1035 988 1139 1032 dum
1174 992 1493 1045 contemnitur,

128 1065 332 1110 liberatus
365 1075 440 1109 est.

189 1148 264 1190 VI.
293 1148 412 1189 Inter
441 1146 532 1190 haec
559 1147 938 1208 Carthaginienses
968 1158 1090 1193 tanto
1120 1166 1319 1193 successu
1347 1166 1491 1193 rerum

125 1225 360 1270 Alexandri
392 1227 543 1286 Magni
583 1227 797 1283 exterriti,
826 1236 1021 1271 verentes
1054 1244 1108 1271 ne
1152 1230 1325 1272 Persico
1357 1246 1492 1289 regno

125 1315 166 1348 ct
207 1305 396 1349 Africam
436 1304 563 1349 vellet
606 1305 866 1366 adjungere,
902 1308 1082 1350 mittunt
1117 1308 1171 1350 ad
1207 1307 1492 1367 speculandos

124 1385 214 1444 ejus
231 1385 398 1428 animos
424 1384 716 1429 Hamilcarem
737 1396 1029 1447 cognomento
1046 1386 1330 1443 Rhodanum,
1347 1388 1489 1430 virum

125 1463 297 1508 solertia
326 1463 614 1525 facundiaque
636 1475 792 1525 praeter
815 1476 982 1510 ceteros
1007 1467 1234 1526 insignem.
1259 1467 1492 1527 Augebant

124 1544 239 1586 enim
259 1552 422 1587 metum
447 1553 489 1586 et
511 1546 652 1604 Tyrus
673 1546 800 1601 urbs,
824 1555 978 1589 auctor
1003 1546 1183 1606 originis
1208 1561 1315 1602 suae,
1337 1556 1462 1606 capta
1481 1565 1488 1588 :

123 1632 165 1666 et
188 1622 473 1679 Alexandria,
494 1624 649 1668 aemula
673 1625 969 1685 Carthaginis,
993 1626 1037 1668 in
1062 1626 1256 1668 terminis
1272 1625 1423 1669 Africae
1448 1636 1492 1669 et

122 1704 295 1763 AEgypti
319 1703 494 1746 condita
520 1720 528 1746 :
552 1714 594 1747 et
619 1703 799 1748 felicitas
833 1706 965 1764 regis,
996 1705 1114 1765 apud
1147 1721 1275 1764 quem
1305 1721 1385 1748 nec
1422 1722 1492 1748 cu-

122 1782 298 1842 piditas,
334 1799 414 1826 nec
447 1783 622 1826 fortuna
652 1783 742 1827 ullo
777 1784 908 1827 modo
947 1784 1308 1827 terminabantur.
1348 1786 1491 1845 Igitur

122 1861 360 1918 Hamilcar,
389 1879 467 1923 per
489 1864 822 1906 Parmenionem
843 1863 964 1906 aditu
986 1863 1097 1923 regis
1118 1863 1322 1919 obtento,
1342 1864 1490 1923 profu-

121 1942 230 2005 gisse
250 1958 294 1985 se
324 1941 379 1985 ad
404 1958 547 2002 regem
572 1941 800 2003 expulsum
827 1944 968 2003 patria
985 1942 1133 2003 fingit,
1155 1942 1423 2003 militemque
1448 1960 1491 1986 se

119 2006 406 2081 expeditionis
426 2021 565 2065 offert.
590 2025 734 2082 Atque
751 2022 809 2065 ita
833 2021 1024 2066 consiliis
1051 2022 1142 2082 ejus
1162 2021 1394 2082 exploratis
1410 2056 1421 2077 ,
1445 2023 1487 2064 in

123 2100 286 2145 tabellis
327 2100 501 2161 ligneis,
537 2117 674 2144 vacua
712 2101 899 2162 desuper
943 2119 1040 2145 cera
1080 2101 1282 2156 inducta,
1321 2101 1489 2144 civibus

119 2182 206 2224 suis
235 2182 383 2224 omnia
403 2181 710 2241 perscribebat.
743 2180 825 2224 Sed
851 2182 1227 2240 Carthaginienses
1252 2189 1350 2241 post
1379 2197 1490 2223 mor-

118 2271 205 2303 tcm
231 2262 342 2320 regis
368 2276 590 2303 reversum
616 2261 661 2303 in
693 2261 874 2321 patriam
891 2295 901 2315 ,
931 2261 1053 2320 quasi
1082 2261 1234 2303 urbem
1260 2260 1350 2320 regi
1384 2275 1487 2301 ven-

119 2341 435 2395 ‹litasset,-non
465 2341 638 2401 ingrato
671 2350 866 2395 tantum,
896 2357 1047 2383 verum
1088 2340 1217 2383 etiam
1263 2338 1411 2382 invido
1448 2348 1490 2380 et

118 2418 282 2463 crudeli
308 2420 471 2476 auimo,
498 2431 772 2464 necaverunt.
