1783 3282
302 270 314 293 1
325 257 371 293 86
892 257 911 290 J
915 254 1078 291 USTINI

363 343 441 385 III.
462 340 538 383 His
553 341 610 383 ita
625 341 774 401 gestis,
790 339 973 383 militem
989 339 1114 398 legit,
1137 339 1461 396 exercitumque
1479 338 1669 381 conscri-

298 423 363 465 bit
381 436 491 480 :quo
509 420 767 475 instructus,
786 419 992 462 finitimas
1014 417 1211 459 civitates
1227 450 1238 471 ,
1264 415 1372 459 nihil
1396 414 1552 459 hostile
1578 432 1668 458 me-

300 509 491 557 tuentes,
510 516 563 543 ex
588 499 826 561 improviso
851 495 1118 557 aggreditur.
1143 496 1377 538 Poenorum
1403 511 1577 554 quoque
1603 511 1670 538 so-

300 579 414 637 ciOS,
439 580 717 640 permittente
741 573 1007 631 Hamilcare,
1034 574 1144 618 foede
1170 583 1297 616 vexat
1319 590 1327 615 :
1353 584 1531 634 propter
1551 573 1670 633 quod

301 659 496 720 querelas
515 658 826 718 Carthaginem
849 655 952 699 socii
967 671 1056 698 non
1084 664 1171 698 tam
1190 654 1242 698 de
1261 653 1519 715 Agathocle,
1537 671 1670 714 quam

301 741 354 784 de
379 739 649 794 Hamilcare,
677 735 931 780 detulerunt
955 752 963 778 :
993 737 1163 778 «Hunc
1193 743 1241 777 ut
1278 733 1507 778 dominum
1541 744 1584 777 et
1606 744 1670 794 ty-

300 837 510 876 rannum,
536 817 660 861 illum
682 827 730 860 ut
755 815 1024 877 proditorem
1045 824 1302 876 arguentes:
1321 831 1345 857 a
1374 831 1463 874 quo
1486 814 1670 858 infestis-

303 901 412 943 simo
432 897 570 953 hosti,
597 899 782 941 fortunae
807 913 1046 951 somorum,
1071 895 1327 955 interposita
1348 896 1571 954 pactione,
1596 894 1672 937 do-

302 989 411 1022 natae
438 979 522 1022 sint
549 995 556 1020 :
588 978 699 1021 sicut
724 977 777 1020 ab
803 977 930 1019 initio
956 977 1177 1035 Syracusae
1202 976 1245 1018 iu
1272 976 1431 1036 pignus
1458 976 1673 1019 societatis

302 1059 388 1102 sint
414 1057 582 1100 traditae
599 1091 609 1111 ,
634 1057 740 1100 urbs
770 1072 940 1115 semper
964 1055 1108 1098 Poenis
1134 1054 1310 1109 infesta,
1344 1064 1387 1098 et
1410 1054 1463 1097 de
1488 1055 1672 1114 imperio

302 1135 459 1181 Siciliae
484 1136 763 1196 Carthaginis
789 1133 974 1178 aemula:
1006 1151 1124 1177 nunc
1162 1135 1337 1194 insuper
1371 1135 1568 1178 civitates
1609 1152 1676 1178 so-

302 1218 470 1260 ciorum
504 1216 645 1260 eidem
682 1214 810 1259 titulo
835 1215 953 1275 pacis
985 1214 1192 1258 addictas.
1227 1216 1508 1258 Denunciare
1541 1216 1674 1276 igitur

304 1314 366 1352 se,
385 1297 477 1340 haec
511 1297 632 1339 brevi
658 1295 711 1339 ad
740 1296 855 1355 ipsos
881 1294 1203 1349 redundatura,
1230 1311 1278 1338 ac
1304 1295 1558 1355 propediem
1583 1312 1677 1338 sen-

303 1394 449 1433 suros,
481 1386 695 1436 quantum
728 1375 892 1420 malum
933 1392 1022 1418 non
1053 1374 1207 1418 Siciliae
1242 1376 1405 1436 inagis,
1437 1393 1566 1436 quam
1595 1377 1675 1436 ipsi

306 1457 476 1512 Africae,
521 1457 801 1500 attulerint.»
840 1457 918 1499 His
948 1455 1131 1515 querelis
1164 1465 1336 1499 senatus
1378 1457 1421 1499 in
1454 1456 1674 1500 Hamilca-

303 1554 393 1581 rem
421 1537 684 1580 accenditur.
729 1535 814 1579 Sed
839 1537 1046 1595 quoniam
1080 1536 1124 1577 in
1156 1536 1340 1595 imperio
1374 1546 1509 1591 esset,
1545 1538 1677 1581 tacita

303 1618 356 1660 de
380 1634 432 1660 eo
459 1616 667 1677 suffragia
691 1615 908 1671 tulerunt,
939 1625 982 1658 et
1013 1616 1268 1671 sententias,
1290 1617 1546 1675 priusquam
1570 1618 1679 1660 reci-

303 1707 524 1751 tarentur,
553 1698 596 1739 in
618 1713 776 1739 urnam
794 1696 1035 1755 conjectas,
1061 1695 1281 1756 obsignari
1301 1706 1551 1755 jusserunt,
1575 1696 1677 1740 dum

305 1777 416 1820 alter
448 1776 694 1830 Hamilcar,
719 1777 920 1820 Gisconis
949 1775 1090 1831 filius,
1124 1792 1149 1818 a
1185 1773 1330 1819 Sicilia
1368 1786 1675 1819 reverteretur.

304 1857 386 1900 Sed
413 1857 503 1899 haec
524 1855 680 1899 callida
698 1866 946 1900 commenta
960 1858 1218 1913 Poenorum,
1233 1866 1277 1902 et
1301 1860 1537 1902 sententias
1556 1857 1679 1900 inau-

306 1936 416 1979 ditas
457 1953 573 1979 mors
604 1936 862 1980 Hamilcaris
895 1939 1131 1996 praevenit,
1170 1938 1466 1998 liberatusque
1503 1948 1567 1980 est
1604 1937 1677 1980 fati

306 2033 508 2072 munere,
535 2034 663 2076 quem
688 2018 752 2059 sui
780 2033 855 2076 per
880 2018 1085 2076 injuriam
1102 2019 1216 2061 cives
1235 2018 1477 2062 inauditum
1501 2017 1677 2062 damna—

305 2107 468 2140 verant.
501 2098 611 2154 Quae
635 2114 704 2141 res
729 2097 962 2157 Agathocli
992 2097 1197 2141 adversus
1222 2100 1377 2142 Poenos
1410 2101 1675 2143 occasionem

304 2177 507 2220 movendi
527 2176 629 2220 belli
645 2177 776 2220 dedit.
794 2178 938 2220 Prima
959 2178 1091 2238 igitur
1109 2177 1170 2221 illi
1187 2195 1287 2222 cum
1307 2179 1554 2223 Hamilcare
1583 2181 1681 2224 Gis-

305 2258 421 2300 conis
446 2256 536 2301 filio
564 2257 705 2317 proelii
734 2259 984 2318 congressio
1009 2258 1090 2301 fuit
1113 2276 1121 2300 :
1150 2276 1174 2302 a
1199 2276 1285 2318 quo
1321 2261 1482 2315 victus,
1517 2262 1680 2321 majore

307 2336 418 2380 mole
454 2347 734 2397 reparaturus
758 2337 944 2392 bellum,
982 2341 1215 2399 Syracusas
1252 2342 1478 2384 concessit.
1506 2341 1590 2385 Sed
1616 2358 1679 2385 se-

306 2416 437 2459 cundi
462 2418 711 2460 certaminis
737 2417 888 2460 eadem
916 2417 1114 2473 fortuna,
1140 2435 1235 2477 quae
1260 2429 1303 2462 et
1328 2421 1506 2479 prioris,
1533 2421 1626 2464 fuit.

366 2499 442 2540 IV.
472 2498 626 2552 Quum
660 2499 795 2557 igitur
827 2498 1013 2541 victores
1037 2500 1157 2542 Poeni
1192 2502 1426 2559 Syracusas
1454 2500 1678 2543 obsidione.

307 2578 564 2631 cinxissent,
591 2578 939 2638 Agathoclcsque
961 2596 1005 2621 sc
1035 2596 1112 2621 nec
1142 2580 1305 2623 viribus
1335 2597 1481 2640 parem
1499 2615 1509 2635 ,
1540 2597 1678 2639 neque

305 2657 357 2700 ad
384 2658 652 2701 obsidionem
678 2659 899 2702 serendam
928 2661 1188 2702 insum-tuin
1220 2660 1404 2715 viden-[3
1431 2678 1560 2720 super
1589 2661 1677 2704 haec
