1783 3282
467 259 731 295 HISTORIAS
762 257 1071 293 PHILIPPICAS.
1384 257 1455 300 243

144 341 227 376 (ΞΜ).
248 341 314 374 VI.
342 341 525 384 Amyntas
557 336 799 371 consobrinus.
829 335 858 368 Ι.
886 347 916 368 e.
941 335 1134 380 patruelis,
1159 334 1340 369 Perdiccae
1362 335 1458 381 regis

91 400 208 444 filius,
237 400 300 446 qui
323 399 390 433 sub
410 400 523 433 tutela
544 397 706 444 Philippi
728 395 849 442 patrui
874 401 971 436 erat3
994 395 1078 429 vide
1099 408 1227 441 supra,
1251 409 1326 439 vn,
1351 409 1381 430 c.
1408 395 1428 430 5
1450 410 1456 430 :

92 462 155 496 sed
170 462 314 496 adultus
335 460 432 495 idem
452 459 670 494 insidiarum
687 457 863 493 adversus
877 454 1125 491 Alexandrum
1144 463 1362 492 structarum
1382 470 1459 505 poe-

90 534 154 555 nas
181 521 258 555 luit.

145 583 228 617 Cap.
256 584 337 616 VII.
359 584 562 630 Regnaque
585 581 811 628 Cleophidis.
841 581 1010 624 Quorum
1039 585 1147 625 caput
1177 585 1254 612 erat
1280 580 1460 614 Massava

93 643 201 686 urbs,
228 655 308 690 quae
327 657 347 679 a
369 644 551 679 Strabone
567 649 712 692 Μασόγα
737 641 873 676 dicitur
896 654 902 675 :
927 640 1084 688 populus
1098 639 1279 686 Mazagoe
1301 647 1460 674 vocatus.

145 704 229 739 Car.
252 705 356 739 VIII.
388 704 603 738 Gesteanos.
630 703 762 737 Nullus
788 714 832 737 eo
857 701 1009 736 nomine
1030 700 1188 747 populus
1211 699 1250 733 in
1271 700 1378 734 India
1399 701 1459 734 in-

92 765 253 800 venitur.
279 765 353 799 Sed
375 765 528 799 Orosius
553 771 589 799 et
613 763 860 810 Freculphus,
887 762 950 809 qui
971 762 1154 796 ,Iustinum
1176 760 1463 806 exscripserunt,

93 827 262 872 praebent
289 825 473 860 Cathenos
499 838 509 858 :
538 824 636 859 unde
662 823 767 859 facile
795 830 848 858 est
874 823 1005 858 elicere
1032 834 1222 866 CATEAEOS,
1251 821 1336 856 satis
1363 821 1462 856 cele-

92 887 199 921 brem
224 886 339 920 Indiae
365 892 522 932 gentem.
550 885 638 919 Vid.
663 892 790 918 notam
815 896 890 930 seq.

151 947 405 994 Gangaridas.
420 948 475 982 De
494 946 550 980 his
570 958 688 993 nuper
709 958 753 980 ex
774 945 905 980 indicis
919 945 1085 989 fontibus
1100 944 1208 978 docte
1228 943 1302 990 egit
1316 943 1465 978 Lassen.

92 1010 139 1043 cle
170 1009 460 1054 Pentapotomz'a
490 1007 633 1049 indica,
661 1019 696 1053 p.
726 1005 791 1051 16,
823 1006 888 1050 183
913 1006 1029 1049 idem,
1054 1006 1100 1039 de
1121 1006 1307 1046 Adrestis,
1332 1016 1368 1051 p.
1397 1003 1466 1047 25;

92 1071 139 1104 de
164 1069 353 1111 Cathoeis,
384 1082 418 1116 p.
446 1068 505 1103 23.

145 1132 227 1165 Cap.
252 1131 320 1164 IX.
347 1130 452 1164 Idem
477 1131 656 1164 Lassenus
683 1129 860 1175 legendus
883 1134 936 1163 est
955 1127 1001 1162 de
1026 1128 1307 1172 Oxydracarum
1330 1137 1466 1172 magno

93 1193 253 1240 populo,
279 1202 315 1238 p.
345 1190 390 1225 26
419 1203 499 1237 sqq.
530 1191 618 1225 libri
645 1189 756 1224 citati.

150 1254 284 1288 Urbem
316 1265 451 1288 eorum.
479 1252 564 1286 Scil.
592 1251 813 1295 Mallorum3
842 1249 916 1284 vid.
945 1250 1184 1283 Fumsnnm.
1212 1248 1258 1282 ad
1282 1247 1468 1292 Curtium,

95 1328 159 1358 lx,
188 1320 229 1359 4,
257 1318 276 1358 5
303 1314 362 1349 26.

147 1377 231 1411 Cap,
250 1376 295 1410 X.
322 1375 455 1409 Urbem
476 1374 667 1422 Ambigerc'
687 1373 793 1420 regis.
815 1372 1054 1414 Harmatelia,
1073 1371 1151 1414 vel,
1172 1377 1213 1404 ut
1235 1370 1339 1404 multi
1358 1370 1467 1404 codd.

92 1436 255 1471 Diodori
274 1448 357 1471 xvu
370 1462 379 1479 ,
393 1447 422 1470 c.
445 1435 514 1470 103
526 1462 535 1479 ‚
564 1434 703 1485 Ᾰρματα
731 1433 886 1477 dictam,
905 1439 1107 1467 extremam
1123 1431 1253 1466 urbem
1267 1430 1470 1464 Brachma-

93 1510 194 1532 num.

151 1559 284 1592 Urbem
310 1559 455 1592 Barcen
483 1557 657 1591 condidit.
682 1556 755 1591 Sed
782 1557 882 1590 nulla
911 1555 950 1589 in
976 1555 1072 1590 ostio
1098 1554 1183 1589 Indi
1208 1554 1284 1600 ejus
1309 1552 1470 1588 nominis

94 1619 180 1654 urbs
201 1620 359 1654 habetur
385 1632 392 1653 ι
420 1631 549 1653 verum
576 1632 593 1652 a
620 1618 740 1652 Plinio
765 1617 916 1663 aliisque
942 1618 1089 1651 Barace
1113 1615 1295 1662 oppidum
1317 1614 1370 1648 ihi
1395 1625 1471 1648 me-

94 1687 262 1715 moratur
284 1693 292 1714 :
317 1680 420 1726 quod
444 1679 567 1714 dicere
589 1678 749 1713 voluisse
774 1678 981 1720 Justintim,
1010 1689 1086 1711 non
1109 1675 1308 1711 dubitabis.

146 1742 228 1776 CAP.
260 1742 365 1776 XIII.
399 1741 626 1788 Borsippam
645 1740 780 1775 urbem.
808 1741 864 1774 De
889 1739 990 1784 cujus
1010 1738 1080 1773 situ
1099 1737 1174 1784 egit
1193 1737 1404 1778 St.-Cr01'x,
1432 1736 1471 1769 in

97 1804 279 1837 Examen
309 1803 410 1845 cria,
440 1815 477 1849 p.
505 1802 577 1836 812
605 1815 658 1847 sq.
688 1801 763 1836 sed
789 1802 893 1836 MSS.
923 1799 1060 1835 Justini
1086 1811 1213 1834 omnes
1240 1799 1426 1832 Bursiam.

150 1865 232 1899 CAP.
262 1865 364 1899 XIV.
395 1865 591 1909 Lyncei-ta.
617 1863 714 1898 Vide
739 1875 775 1909 p.
805 1861 891 1898 208.

556 1990 615 2024 IN
644 1989 865 2024 LIBRUM
895 1989 1013 2023 XIII.

150 2099 287 2146 Incipit
305 2099 365 2133 hic
383 2098 539 2133 historia
565 2109 814 2133 successorum
835 2097 1059 2140 Alexandri,
1079 2095 1299 2132 difficillima
1318 2095 1368 2130 ob
1387 2095 1472 2129 fon-

95 2161 186 2194 tium
211 2159 401 2206 ingentem
425 2159 658 2206 paucitatem.
679 2159 927 2204 Quaecumque
949 2165 1093 2193 servata
1112 2164 1212 2201 sunt,
1235 2155 1474 2192 consentiunt

95 2222 172 2256 fere
202 2234 285 2256 cum
318 2220 533 2255 narratione
563 2219 730 2263 Arriani,
761 2219 800 2253 in
829 2219 928 2253 libro
956 2225 1027 2269 περὶ
1056 2222 1240 2268 Διαδόχων,
1270 2218 1373 2264 cujus
1404 2229 1473 2252 ex-

96 2289 220 2329 cerpta
239 2281 388 2328 reliquit
407 2282 559 2316 Photius
578 2281 617 2315 in
637 2280 864 2315 Bibliotheca
888 2293 894 2314 :
918 2292 986 2314 nec
1005 2292 1083 2314 non
1102 2279 1281 2326 Dexippi‚
1304 2278 1368 2325 qui
1387 2278 1475 2312 bre-

96 2344 242 2379 viorem
265 2355 393 2378 eorum
415 2342 611 2377 historiam
634 2354 678 2377 ex
702 2341 844 2387 majore
869 2354 983 2388 opere
1005 2340 1152 2375 Arriani
1176 2340 1474 2375 adumbraverat.

95 2406 198 2440 Bene
224 2404 344 2450 aliqua
374 2403 565 2438 constituit
588 2402 784 2437 St.-Croiae
796 2403 835 2437 in
861 2401 935 2437 fine
961 2402 1084 2448 operis
1111 2413 1206 2448 saepe
1238 2400 1339 2435 citati
1367 2413 1374 2434 ε
1411 2399 1477 2434 sed

96 2473 213 2501 totam
239 2465 432 2500 historiam
458 2477 504 2499 ex
530 2464 718 2507 sontibus,
733 2463 796 2509 qui
822 2464 971 2510 quidem
992 2463 1127 2498 servati
1146 2469 1247 2504 sunt,
1268 2460 1476 2508 composuit

95 2529 289 2570 Mannert,
319 2526 536 2561 Gesclzichte
558 2527 626 2559 der
643 2525 922 2559 unmz'tcelbaren
947 2525 1179 2572 Nachfolger
1195 2526 1306 2558 Alex.
1333 2536 1343 2556 .·
1375 2522 1476 2568 quod

98 2601 192 2636 opus
236 2588 381 2635 insigne
432 2588 494 2634 qui
540 2587 578 2621 in
625 2585 942 2632 Francogallicum
997 2598 1207 2621 sermonem
1259 2590 1476 2619 convertere

98 2651 207 2695 velit,
241 2662 363 2697 opcrae
395 2649 554 2696 pretium
586 2648 762 2683 facturum
796 2660 873 2682 esse
902 2648 1136 2683 arbitramur.
1165 2645 1336 2692 Pompeii
1361 2644 1477 2690 Trogi

1185 2712 1251 2757 16.
