1783 3282
298 237 367 271 158
566 236 753 270 JUSTINI
783 236 1132 271 HISTORIARUM
1161 237 1248 270 Lm.
1274 237 1390 270 XVII.

297 318 620 378 educandique,
659 318 831 378 publice
871 328 1035 362 tutores
1075 320 1403 361 constituuntur
1428 335 1436 360 z
1470 319 1662 360 Athenas

296 414 468 458 quoque
502 397 729 441 erudiendi
759 399 897 458 gratia
928 398 1107 450 missus,
1137 407 1301 456 quanto
1334 397 1503 440 doctior
1530 396 1664 455 majo-

296 477 415 519 ribus
441 477 546 532 suis,
581 487 703 520 tanto
732 487 773 519 et
804 477 968 536 gratior
1001 475 1164 534 populo
1192 476 1285 518 fuit.
1312 477 1485 519 Primus
1520 475 1666 534 itaque

300 555 437 616 leges,
460 566 497 599 el
524 566 718 599 senatum
737 589 747 609 ,
771 571 1026 613 annuosque
1049 555 1329 614 magistratus
1352 564 1392 597 et
1415 553 1666 614 reipublicae

299 635 483 678 formam
506 635 750 693 composuit
778 650 786 676 ε
815 644 855 676 et
886 643 935 675 ut
962 649 985 675 a
1008 633 1177 692 Pyrrho
1206 633 1352 687 sedes,
1380 634 1439 676 sic
1462 634 1551 675 vita
1577 631 1668 675 cul-

300 716 384 756 tior
400 713 563 773 populo
586 713 640 755 ad
662 713 830 771 Arryba
854 722 1027 755 statuta.
1052 713 1194 771 Hujus
1219 711 1332 755 filius
1352 710 1669 771 Neoptolemus

300 792 378 836 suit
394 810 402 835 :
420 810 470 835 ex
495 809 580 851 quo
602 801 701 834 nata
727 801 787 833 cst
812 790 1038 850 Olympias
1054 825 1065 846 ,
1090 801 1229 834 mater
1243 789 1482 834 Alexandri
1500 789 1670 849 Magni,

301 882 343 914 et
370 871 635 925 Alexander,
660 870 733 928 qui
757 879 853 928 post
883 886 982 912 eum
1010 886 1197 929 regnum
1224 870 1346 928 Epiri
1371 869 1532 923 tenuit;
1563 868 1672 910 etin

302 949 425 992 Italia
452 947 565 991 bello
595 958 736 1007 gestO,
774 949 816 989 in
845 948 1007 990 Brutiis
1037 949 1215 990 interiit.
1241 950 1344 991 Post
1375 948 1466 1007 ejus
1489 956 1672 990 mortem

304 1029 433 1070 frater
469 1026 662 1069 AEacides
700 1042 835 1086 regno
878 1027 1099 1081 successit,
1126 1027 1218 1085 qui,
1251 1026 1432 1069 assiduis
1469 1025 1673 1068 adversus

304 1105 567 1148 Macedonas
603 1104 819 1147 bellorum
848 1105 1156 1147 certaminibus
1182 1104 1396 1164 populum
1433 1103 1676 1164 fatigando,

305 1184 515 1227 offensam
539 1185 700 1226 civium
724 1184 960 1237 contraxit3
986 1200 1034 1225 ac
1059 1194 1291 1243 propterea
1314 1185 1358 1226 in
1384 1182 1581 1226 exsilium
1605 1199 1676 1225 ac-

309 1275 397 1316 tus,
416 1263 633 1323 Pyrrhum
665 1261 802 1304 filium
843 1262 1037 1316 bimum,
1066 1263 1302 1305 admodum
1344 1261 1603 1322 parvulum,
1635 1262 1676 1303 in

310 1359 445 1403 regno
461 1341 649 1401 reliquit.
675 1343 764 1398 Qui
786 1352 829 1384 ct
855 1342 945 1401 ipse
960 1358 1095 1400 quum
1119 1358 1141 1384 a
1158 1341 1321 1401 populo
1338 1351 1518 1401 propter
1532 1340 1681 1383 odium

313 1422 446 1482 patris
471 1421 524 1463 ad
559 1436 707 1462 necem
734 1430 1020 1478 quaereretur,
1047 1420 1197 1463 furtim
1225 1421 1472 1464 subtractus
1504 1420 1548 1462 in
1576 1418 1680 1479 Illy-

312 1502 397 1543 rios
437 1499 657 1552 defertur3
702 1498 973 1558 traditusque
1022 1509 1083 1542 est
1125 1502 1298 1552 Beroea,
1343 1498 1537 1542 Glauciae
1571 1498 1683 1558 regis

313 1579 439 1622 uxori
460 1612 469 1633 ‚
494 1577 773 1632 nutriendus,
803 1594 897 1636 quae
919 1587 960 1620 et
986 1578 1077 1637 ipsa
1107 1594 1242 1637 genus
1277 1577 1555 1620 AEacidarum
1579 1585 1682 1619 erat.

313 1659 379 1701 lbi
416 1674 537 1711 eum,
573 1673 647 1699 seu
677 1656 975 1699 misericordia
1007 1656 1190 1700 fortunae
1233 1657 1344 1716 ejus,
1374 1673 1448 1699 seu
1479 1655 1687 1698 infantili-

315 1740 394 1781 bus
419 1737 727 1780 blandimentis
759 1736 961 1778 inductus
987 1752 1079 1791 rex,
1109 1736 1338 1779 adversum
1374 1735 1686 1790 Cassandrum,

320 1816 587 1862 Macedouiae
614 1831 779 1875 regem,
806 1817 878 1873 qui
903 1832 1001 1857 eum
1031 1815 1109 1857 suh
1133 1814 1236 1858 belli
1254 1815 1592 1858 comminatione
1615 1813 1688 1856 de-

318 1896 541 1956 poscebat,
566 1894 639 1936 diu
667 1895 857 1953 protexit
876 1928 886 1948 ‚
913 1894 1060 1936 addito
1087 1895 1130 1936 in
1166 1893 1376 1936 auxilium
1400 1894 1530 1936 etiam
1554 1892 1689 1952 adop-

321 1975 450 2017 tionis
465 1973 620 2016 officio
642 1973 813 2029 Quibus
837 1973 964 2015 rebus
982 1974 1089 2015 moti
1103 1974 1309 2033 Epirotae,
1335 1973 1435 2016 odio
1458 1973 1501 2014 in
1523 1960 1691 2015 miseri-

320 2052 512 2096 cordiam
526 2068 669 2106 verso,
688 2067 901 2094 annorum
916 2068 962 2094 xl
978 2068 1074 2093 eum
1093 2053 1135 2094 in
1153 2068 1335 2112 regnum
1358 2060 1690 2105 revocaverunt,

321 2133 432 2176 datis
468 2131 704 2186 tutoribus,
728 2131 802 2189 qui
820 2147 1002 2190 regnum
1028 2147 1163 2190 usque
1185 2130 1379 2174 adultam
1402 2131 1494 2190 ejus
1521 2140 1690 2173 oetatem

323 2220 560 2254 tuerentur.
580 2208 845 2253 Adolescens
869 2209 1024 2252 deinde
1045 2209 1184 2253 multa
1206 2209 1319 2253 bella
1343 2211 1502 2270 gessit3
1526 2218 1694 2252 tantus-

324 2306 407 2348 que
433 2305 580 2332 rerum
612 2304 814 2331 successu
849 2288 997 2331 haberi
1029 2299 1194 2348 coeptus
1241 2298 1322 2345 est,
1361 2299 1411 2332 ut
1437 2289 1695 2332 Tarentinos

326 2367 441 2412 solus
470 2367 675 2411 adversus
708 2370 929 2411 Romanos
946 2368 1057 2410 tueri
1074 2384 1197 2427 posse
1220 2367 1455 2412 videretur.
