1783 3282
321 279 369 315 ἴω
617 277 804 313 JUSTINI
830 276 1176 310 HISTORIARUM
1204 275 1291 310 LIB.
1317 276 1378 310 lv.

321 362 541 406 communi
563 362 786 404 civitatum
806 359 998 413 decreto,
1012 359 1205 418 ingentia
1223 358 1500 417 Syracusanis
1522 356 1682 400 auxilia

322 441 500 484 misere:
525 449 566 482 et
590 439 710 499 quasi
734 439 913 482 Graeciae
940 436 1105 480 bellum
1129 437 1174 478 in
1210 435 1398 480 Siciliam
1426 435 1681 479 translatum

321 528 452 574 esset,
479 519 537 561 ita
561 534 612 561 ex
634 526 817 576 utraque
845 525 966 575 parte
989 515 1167 558 summis
1192 515 1356 558 viribus
1380 514 1680 559 dimicabatur.

382 599 436 641 V.
457 597 601 640 Prima
620 597 752 655 igitur
766 594 1067 654 congressione
1085 591 1250 635 navalis
1270 594 1536 647 certaminis,
1550 593 1683 637 Athe-

322 677 490 719 nienses
512 676 760 718 vincuntur.
785 674 937 715 Castra
960 687 1133 731 quoque
1161 687 1260 713 cum
1288 672 1408 713 omni
1434 670 1607 730 publica
1635 688 1685 714 ac

322 755 488 814 privata
514 753 698 813 pecunia
720 752 937 794 amittunt.
967 752 1106 809 Super
1127 749 1218 792 haec
1242 748 1378 803 mala,
1400 765 1536 809 quum
1555 751 1684 794 etiam

323 834 513 877 terrestri
535 830 688 892 proelio
717 831 818 874 victi
846 839 1012 884 essent,
1044 838 1146 871 tune
1172 828 1488 872 Demosthenes
1512 844 1685 872 censere

321 912 472 972 coepit,
510 930 529 951 α
549 913 609 954 Ut
637 910 804 952 abirent
835 907 1001 962 Sicilia,
1027 907 1131 950 dum
1157 924 1248 962 res,
1272 907 1470 967 quamvis
1493 907 1685 963 afssictae,

322 991 518 1034 nondum
555 999 700 1032 tamen
741 988 919 1048 perditae
956 988 1099 1030 forent
1126 1004 1134 1029 z
1159 1003 1300 1046 neque
1338 987 1382 1029 in
1420 985 1534 1030 bello
1575 986 1687 1030 male

321 1071 541 1129 auspicato
566 1067 751 1127 amplius
768 1065 1133 1127 perseverandum
1158 1082 1272 1120 esse;
1296 1065 1413 1108 domi
1434 1066 1632 1125 graviora
1646 1076 1686 1109 et

326 1148 505 1190 forsitan
530 1145 769 1190 infeliciora
791 1145 924 1201 bella,
947 1147 991 1188 in
1006 1162 1100 1204 quae
1125 1161 1295 1188 servare
1312 1145 1390 1188 hos
1410 1144 1529 1187 urbis
1557 1161 1689 1204 appa-

322 1236 440 1270 ratus
467 1235 717 1285 oporteat.»
741 1225 911 1278 Nicias,
937 1241 1010 1268 seu
1038 1224 1204 1283 pudore
1236 1224 1347 1267 male
1370 1233 1475 1267 actae
1504 1224 1590 1279 rei,
1613 1240 1688 1267 seu

324 1314 442 1349 metu
466 1304 680 1346 destitutae
700 1305 791 1363 spei
814 1304 992 1356 civium,
1016 1319 1089 1346 seu
1111 1301 1362 1362 impellente
1384 1303 1491 1358 fato,
1513 1318 1690 1345 manere

324 1382 562 1427 contendit.
592 1385 838 1442 Reparatur
869 1383 1001 1443 igitur
1029 1380 1181 1424 navale
1213 1381 1398 1437 bellum,
1425 1391 1465 1425 et
1503 1382 1637 1424 animi
1667 1397 1689 1424 a

324 1463 480 1523 prioris
499 1461 686 1504 fortunae
707 1460 897 1521 procella
920 1461 973 1503 ad
994 1478 1113 1520 spem
1133 1462 1380 1504 certaminis
1399 1472 1660 1504 revocantur
1679 1477 1686 1502 :

324 1540 397 1584 sed
422 1541 591 1583 inscitia
619 1539 798 1595 ducum,
825 1541 899 1599 qui
924 1541 1037 1583 inter
1054 1540 1273 1600 angustias
1299 1541 1430 1583 maris
1454 1537 1623 1583 tuentes
1647 1556 1690 1582 se

324 1622 611 1680 Syracusanos
657 1620 847 1680 aggressi
883 1619 1082 1673 fuerant,
1120 1621 1369 1663 vincuntur.
1410 1619 1689 1678 Eurymedon

325 1698 431 1753 dux,
459 1699 503 1740 in
538 1699 678 1757 prima
714 1698 805 1740 acie
835 1697 1065 1740 fortissime
1092 1696 1324 1753 dimicans,
1359 1699 1525 1757 primus
1547 1698 1690 1741 cadit:

327 1778 508 1837 triginta
529 1793 682 1830 naves,
711 1777 867 1835 quibus
891 1776 1146 1836 praefuerat,
1176 1776 1482 1820 incenduntur.
1507 1779 1691 1821 Demos-

327 1856 478 1899 thenes
502 1865 543 1898 et
571 1856 744 1909 Nicias,
771 1864 811 1897 et
838 1856 919 1914 ipsi
946 1856 1068 1910 victi,
1099 1857 1334 1898 exercitum
1362 1857 1405 1898 in
1438 1865 1597 1900 terram
1619 1855 1691 1899 de-

328 1944 525 1994 ponunt,
545 1934 752 1977 tutiorem
773 1933 921 1994 fugam
944 1935 1025 1977 rati
1048 1935 1201 1977 itinere
1218 1935 1422 1977 terrestri.
1448 1936 1515 1977 Ab
1539 1935 1605 1978 his
1628 1952 1694 1978 re-

329 2013 448 2056 lictas
485 2022 660 2055 centum
701 2013 882 2072 triginta
917 2029 1046 2055 naves
1080 2011 1296 2072 Gylippus
1335 2014 1491 2056 invasit
1530 2031 1539 2056 ε
1579 2015 1694 2074 ipsos

330 2090 486 2134 deinde
510 2091 777 2150 insequitur:
796 2091 1008 2151 fugientes
1026 2092 1185 2151 partim
1209 2092 1347 2151 capit,
1372 2093 1530 2151 partim
1555 2092 1691 2135 caedit.

330 2169 658 2222 Demosthenes,
677 2170 832 2213 amisso
856 2170 1065 2225 exercitu,
1089 2186 1113 2212 a
1128 2171 1378 2229 captivitate
1398 2169 1542 2231 gladio
1564 2181 1606 2214 et
1628 2188 1696 2214 vo-

332 2247 519 2291 luntaria
536 2258 675 2291 morte
689 2265 731 2291 se
754 2248 947 2292 vindicat
971 2250 1141 2292 :Nicias
1165 2258 1329 2303 autem,
1355 2266 1408 2292 ne
1435 2251 1694 2294 Demosthe-

332 2328 397 2370 nis
417 2327 591 2387 quidem
620 2327 816 2387 exemplo
833 2363 843 2382 ,
864 2338 910 2370 ut
938 2328 1016 2370 sibi
1037 2327 1301 2383 consuleret,
1319 2328 1593 2385 admonitus,
1617 2329 1696 2374 cla-

333 2406 429 2450 dem
454 2422 632 2450 suorum
657 2407 774 2450 auxit
797 2407 1006 2450 dedecore
1027 2408 1301 2466 captivitatis.

829 2580 900 2582 mc,
936 2575 1140 2588 Φ.
1180 2582 1215 2585 ⁷.
