1783 3282
456 292 801 328 HISTORIARUM
829 292 918 326 LIB.
945 293 1042 327 XVI.
1371 294 1439 329 153

74 377 181 422 lium
203 393 354 421 eorum
394 375 438 418 in
480 376 660 418 exitium
693 391 953 418 conversum
983 386 1104 418 esset.
1138 378 1308 433 Quibus
1337 379 1437 422 dum

76 467 259 500 mortem
282 456 442 516 passim
465 456 667 498 omnibus
690 456 902 509 minatur,
929 455 1096 497 cariora
1123 472 1274 499 eorum
1305 460 1442 516 pretia

75 535 176 578 facit
199 552 208 578 z
236 534 451 594 siquidem
478 533 717 578 Clearchus
746 550 902 593 magna
935 533 1117 591 pecunia
1146 534 1287 593 (quasi
1313 537 1442 579 minis

77 612 226 673 populi
253 612 423 656 occulte
446 629 518 656 eos
542 611 879 671 subtracturus),
904 620 1100 671 accepta,
1128 611 1333 671 spoliatos
1361 615 1443 656 for-

76 694 214 748 tunis,
234 693 321 735 vita
343 708 516 752 quoque
540 691 756 751 spoliavit.

139 773 192 814 V.
220 772 410 832 Cognito
431 770 607 825 deinde,
637 769 753 829 quod
778 769 939 811 bellum
963 770 1042 812 sibi
1071 770 1123 812 ab
1148 772 1220 823 iis,
1250 771 1324 829 qui
1351 787 1447 830 pro-

78 850 298 910 fugerant,
318 849 614 893 misericordia
630 848 674 890 in
687 847 896 891 auxilium
917 847 1157 891 sollicitatis
1175 850 1445 898 civitatibusq

79 938 330 988 pararetur,
361 944 506 970 servos
530 944 682 970 eorum
712 944 844 970 manu
872 928 1017 971 mittit.
1047 930 1102 971 Et
1133 945 1185 971 ne
1216 928 1320 987 quid
1346 928 1445 971 mali

79 1007 249 1050 afflictis
285 1007 599 1050 honestissimis
637 1007 837 1050 domibus
872 1007 1057 1061 deesset,
1099 1023 1254 1050 uxores
1297 1023 1446 1050 eorum

79 1084 272 1146 filiasque
285 1086 450 1129 nubere
464 1087 598 1128 servis
613 1087 720 1141 suis,
737 1087 960 1146 proposita
973 1086 1271 1129 recusantibus
1291 1096 1447 1138 morte,

79 1163 319 1225 compellit,
343 1174 393 1208 ut
415 1181 486 1207 eos
510 1165 806 1220 sibi'fidiores,
831 1174 874 1207 et
891 1165 1077 1207 dominis
1097 1165 1338 1208 infestiores
1352 1166 1450 1209 red-

81 1242 214 1286 deret.
245 1243 329 1286 Sed
355 1244 565 1286 matronis
594 1252 679 1286 tam
706 1242 913 1303 lugubres
946 1244 1109 1302 nuptiae
1140 1245 1359 1304 graviores
1389 1260 1450 1286 re-

82 1322 268 1382 pentinis
294 1322 519 1364 funeribus
543 1321 853 1381 fuere.‘Itaque
880 1321 1026 1364 inultae
1054 1339 1097 1364 se
1126 1331 1227 1365 ante
1257 1323 1450 1382 nuptias,

83 1400 229 1443 multae
251 1401 296 1442 in
318 1401 419 1459 ipsis
444 1401 631 1460 nuptiis,
657 1401 807 1443 occisis
830 1402 949 1460 prius
973 1402 1095 1444 novis
1117 1402 1303 1456 maritis,
1325 1402 1452 1444 inter-

83 1479 253 1536 ficiunt,
277 1489 320 1522 et
342 1496 385 1522 se
414 1489 502 1522 tam
525 1479 705 1522 funestis
730 1478 1064 1530 calamitatibus,
1088 1481 1248 1523 virtute
1273 1481 1448 1523 inoenui

1321 1516 1344 1541 v

83 1558 283 1618 pudoris,
306 1559 515 1618 eripiunt.
532 1557 740 1602 Proelium
759 1558 916 1601 deinde
929 1560 1218 1602 committitur
1235 1576 1243 1601 :
1261 1576 1348 1618 quo
1364 1561 1451 1602 vic-

86 1648 154 1681 tor
175 1647 386 1697 tyrannus
409 1638 604 1696 captivos
627 1646 845 1680 senatores
866 1639 911 1679 in
939 1638 1149 1697 triumphi
1172 1638 1350 1680 modum
1375 1654 1453 1698 per

85 1734 160 1760 ora
187 1718 346 1760 civium
375 1717 518 1759 trahit.
549 1720 764 1760 Reversus
788 1717 832 1759 in
856 1717 1008 1760 urbem
1043 1715 1147 1760 alios
1174 1718 1333 1772 vincit,
1368 1726 1453 1761 tor-

85 1805 188 1855 quet
212 1795 340 1849 alios,
363 1795 471 1839 alios
494 1795 651 1838 occidit
670 1812 679 1838 :
703 1794 849 1838 nullus
870 1794 988 1838 locus
1008 1796 1125 1838 urbis
1150 1812 1174 1838 a
1199 1795 1453 1839 crudelitate

87 1876 259 1934 tyranni
273 1885 410 1918 vacat.
428 1873 607 1917 Accedit
621 1875 792 1917 saevitiae
808 1873 1056 1929 insolentia,
1070 1873 1318 1917 crudelitati
1332 1891 1451 1917 arro-

87 1954 245 2015 gantia.
279 1954 507 1997 Interdum
542 1971 593 1997 ex
623 1970 822 1998 successu
849 1954 1067 1997 continuae
1100 1953 1317 1997 felicitatis
1347 1953 1455 1997 obli-

87 2033 266 2077 viscitur
277 2050 320 2077 se
337 2034 581 2087 hoininem3
604 2034 822 2077 interdum
838 2035 955 2078 Jovis
973 2051 1016 2078 se
1036 2032 1175 2077 filium
1190 2032 1307 2076 dicit.
1323 2035 1456 2076 Eunti

89 2129 165 2172 per
191 2112 415 2172 publicum
440 2130 570 2156 aurea
595 2112 763 2172 aquila,
787 2112 906 2155 velut
931 2122 1238 2171 argumentum
1263 2114 1430 2173 generis
1447 2147 1457 2167 ,

91 2191 400 2251 praeferebatur
423 2209 430 2233 :
455 2201 571 2235 veste
593 2208 834 2252 purpurea,
860 2202 901 2235 et
936 2192 1163 2235 cothurnis
1190 2209 1343 2252 regum
1373 2202 1459 2235 tra-

91 2271 305 2330 gicorum,
326 2281 369 2314 et
397 2288 528 2314 aurea
551 2288 713 2314 corona
733 2271 961 2314 utebatur:
981 2270 1120 2314 filium
1145 2288 1317 2331 quoque
1333 2288 1458 2314 suum

91 2350 324 2392 Ceraunon
341 2360 492 2405 vocat,
516 2360 564 2393 ut
587 2353 703 2393 Deos
728 2367 815 2393 non
841 2350 1069 2394 mendacio
1092 2361 1286 2407 tantuin,
1310 2367 1458 2394 verum

91 2430 221 2473 etiam
250 2430 499 2472 nominibus
527 2429 693 2472 illudat.
724 2433 826 2472 Haec
852 2429 974 2473 illum
1003 2430 1142 2473 facere
1169 2430 1257 2473 duo
1283 2430 1461 2473 nobilis-

93 2510 190 2553 simi
210 2511 389 2570 juvenes
410 2509 554 2551 Chion
578 2518 621 2551 et
636 2509 852 2552 Leonides
876 2509 1176 2569 indignantes,
1199 2511 1383 2569 patriam
1409 2509 1459 2552 li-

93 2590 284 2632 beraturi
302 2590 344 2631 in
370 2604 519 2630 necem
544 2587 717 2647 tyranni
744 2587 1011 2646 conspirant.
1035 2591 1170 2631 Erant
1192 2588 1238 2631 hi
1261 2586 1461 2647 discipuli

95 2667 286 2713 Platonis
327 2666 573 2727 philosophi
615 2683 623 2707 :
652 2666 726 2724 qui
758 2667 984 2721 virtutem,
1014 2667 1066 2709 ad
1100 2684 1231 2725 quam
1269 2665 1463 2726 quotidie
