1783 3282
280 289 300 311 2
307 282 326 319 4
333 288 353 310 2
619 270 940 306 ADNOTATION
947 270 1002 304 Es
1033 269 1085 303 IN
1117 271 1135 303 J
1139 267 1310 303 USTINI

279 350 471 387 rhetoricae
490 348 714 394 exemplum.
733 348 846 381 Recte
868 345 928 379 hic
950 344 1098 378 Vossius
1128 356 1135 377 :
1165 360 1180 374 «
1201 345 1294 377 Puto
1320 342 1503 389 respicere
1526 342 1644 377 Justi-

278 425 369 447 num
396 411 443 445 ad
465 407 747 444 memorabilem
768 407 868 442 illam
887 403 1095 446 historiam,
1115 415 1224 449 quam
1250 404 1431 450 Josephus
1458 402 1514 451 (in
1536 404 1646 438 Anti-

279 472 436 520 tiq.J‘ud.
449 498 460 514 ,
481 483 544 512 Χῖ,
560 467 603 518 8)
626 469 672 504 de
691 467 832 510 Jaddo,
853 476 995 500 summo
1010 463 1222 498 Judaeorum
1245 464 1457 507 sacerdote,
1476 470 1613 498 narrat.
1631 479 1646 494 »

279 534 385 568 Idem
423 531 565 578 judicat
611 529 820 569 St.-Cr0i.z·,
854 525 918 572 qui
943 525 1039 558 hanc
1069 536 1147 558 rein
1186 524 1437 570 copiosissime
1476 524 1648 571 exponit,

279 607 315 641 p.
342 593 426 639 557.

333 656 415 690 (ΠΛΡ.
446 656 510 690 XI.
542 654 789 699 Ciliciamque.
815 653 861 684 At
884 648 1050 683 Ciciliam
1078 646 1290 682 Alexander
1316 645 1455 680 dudum
1486 646 1647 681 tenebat.

279 719 453 753 Errorem
476 716 573 749 hunc
593 725 669 748 esse
695 711 831 746 Justini
853 709 973 756 arguit
996 708 1115 755 quarti
1143 707 1264 742 saeculi
1289 707 1448 754 scriptor
1479 707 1648 751 Orosius,

281 778 343 825 qui
365 778 464 812 idern
487 788 533 810 ex
558 787 601 809 eo
632 772 822 820 expressit.
849 770 1120 807 Freinshemius
1148 769 1332 815 corrigere
1358 768 1510 803 volebat
1537 769 1649 814 Cyre—

280 852 381 881 nem,
412 836 624 872 Gronovius
650 834 832 880 Libyam,
854 833 1007 878 jubente
1028 831 1194 867 historia.

333 901 416 934 CAP.
445 898 552 933 XIII.
577 897 651 930 Vix
670 896 775 930 denis
803 894 970 928 armatis,
1002 892 1121 928 Codd.
1149 904 1277 926 omnes
1305 891 1364 925 hic
1390 890 1557 937 praebent
1586 891 1652 925 vix

280 961 385 995 denis
410 960 607 993 ARMEan
645 970 652 991 :
693 955 794 1002 quod
826 954 964 1001 corrigi
990 966 1067 989 non
1104 965 1196 1000 opus
1222 959 1317 996 erat,
1354 952 1436 998 quia
1465 952 1652 994 Arriano,

281 1021 428 1068 Exped.
466 1020 597 1060 Alex„
628 1030 703 1060 111,
728 1029 759 1052 c.
785 1015 863 1059 8,§
887 1028 928 1062 9,
953 1021 989 1049 et
1011 1027 1041 1049 c.
1062 1027 1117 1057 11,
1146 1016 1164 1057 S
1190 1027 1232 1061 9,
1263 1019 1298 1047 et
1323 1012 1471 1055 Curtio,
1497 1025 1554 1055 w,
1588 1024 1652 1055 12,

280 1085 299 1126 §
339 1093 400 1123 10,
436 1080 612 1122 testibus,
640 1078 896 1113 Armeniorum
923 1075 1039 1122 copiae
1059 1075 1127 1109 sub
1154 1074 1311 1109 ducibus
1340 1074 1482 1108 Oronte
1510 1080 1545 1108 et
1578 1074 1652 1107 Mi-

279 1143 441 1178 thrauste
465 1141 505 1176 in
527 1140 689 1176 exercitu
711 1138 816 1174 Darii
841 1137 1060 1172 militabant.

335 1205 418 1239 CAP.
449 1203 548 1237 XIV.
578 1201 767 1236 Proelium.
802 1198 903 1233 Dicit
927 1197 1021 1232 illud
1054 1196 1157 1244 quod
1185 1196 1231 1231 ad
1259 1196 1493 1244 Gaugamela
1529 1195 1651 1230 vicum

285 1264 539 1308 commissum,
562 1270 597 1298 et
624 1262 671 1297 ad
695 1261 872 1297 Arbelam
899 1260 1028 1294 urbem
1049 1265 1251 1294 extractum
1277 1264 1340 1292 est.

336 1329 419 1363 CAP.
450 1327 536 1362 XV.
572 1326 757 1359 Dextram
786 1334 825 1357 se
855 1321 1059 1367 ferendam
1094 1320 1312 1355 Aleoeandro
1345 1320 1446 1354 dare.
1495 1319 1653 1355 Locutio

281 1390 360 1424 haec
386 1401 431 1423 ex
450 1389 643 1422 Persarum
661 1384 826 1419 moribus
853 1383 979 1430 petita.
1009 1383 1119 1418 Corn.
1141 1382 1286 1427 Nep05,
1312 1382 1492 1423 Datame,
1517 1392 1546 1414 c.
1580 1392 1624 1415 10
1645 1394 1652 1414 ε

282 1451 417 1484 Fidem
441 1450 488 1483 de
509 1460 553 1482 ea
581 1460 642 1489 re,
668 1458 768 1480 more
787 1446 980 1479 Persarum
994 1469 1005 1486 ,
1032 1444 1165 1477 dextra
1191 1442 1301 1476 dedit.
1334 1443 1437 1476 Hanc
1456 1450 1496 1476 ut
1512 1442 1655 1487 accepit

284 1525 307 1545 a
329 1523 415 1558 rege
430 1510 603 1550 missam,
632 1515 699 1542 etc.
718 1506 953 1552 Xenophon,
967 1505 1006 1538 in
1021 1505 1199 1550 Agesilao
1213 1529 1223 1544 ,
1247 1515 1276 1537 c.
1293 1502 1332 1546 3,
1347 1505 1365 1546 ξ
1381 1507 1400 1544 4
1422 1516 1430 1536 ε
1454 1509 1579 1549 βασιλεῖ
1598 1510 1653 1552 μὲν

283 1579 338 1620 οὐχ
359 1577 496 1611 {mimus
522 1572 629 1613 δεξιὰν
654 1575 827 1618 πέμπεντι.
846 1566 965 1609 Idem,
991 1565 1029 1599 in
1055 1565 1245 1606 Anabasl',
1274 1576 1325 1607 11,
1347 1568 1386 1606 l»,
1409 1566 1427 1607 S
1452 1576 1466 1598 ¹
1495 1576 1502 1596 ἶ
1529 1569 1583 1602 καὶ
1602 1566 1656 1602 δε·

285 1638 351 1676 ξιὰς
371 1637 459 1681 παρὰ
481 1638 635 1677 βασιλέως
654 1637 803 1679 φέριντες.

752 1755 811 1789 IN
839 1753 1058 1789 LIBRUM
1087 1752 1180 1787 XII.

335 1868 419 1902 Cxp.
443 1867 471 1900 Ι.
497 1865 726 1912 Zopyrionis.
748 1864 867 1899 Codd.
889 1864 909 1897 J
915 1861 1025 1898 ustini
1046 1876 1054 1897 :
1075 1862 1304 1909 Sopyrzbnis,
1336 1874 1408 1908 qua
1428 1861 1546 1896 forma
1565 1873 1656 1908 pro-

282 1929 406 1963 babile
438 1934 491 1962 est
518 1928 711 1961 Romanos
742 1932 917 1971 tanquam
948 1924 1099 1971 propria
1129 1935 1212 1957 usos
1244 1934 1342 1965 esse,
1370 1922 1401 1956 si
1431 1929 1578 1968 reputes
1611 1935 1656 1957 ex

282 1996 429 2039 Ζαχένθῳ
450 2001 513 2024 eos
542 1988 671 2023 fecisse
698 1987 922 2033 Saguntum,
940 1998 985 2021 ex
1008 1991 1097 2034 Ζγζθῳ
1121 1984 1284 2026 Sellium,
1314 1990 1348 2018 et
1371 1983 1440 2018 alia
1467 1983 1654 2029 ejusdem-

280 2051 395 2086 modi.

334 2113 417 2147 CAP.
453 2112 501 2146 II.
536 2111 622 2144 Haec
655 2108 886 2151 Alexandri,
920 2107 1017 2154 regis
1045 2106 1169 2153 Epiri,
1203 2105 1392 2152 expeditio
1429 2112 1548 2152 coepta
1580 2111 1657 2149 est,

280 2174 388 2208 Livio
415 2180 527 2215 teste,
554 2184 654 2213 Vin,
683 2169 727 2213 3,
753 2183 784 2205 a.
814 2170 859 2205 U.
889 2170 927 2204 C.
958 2165 1052 2212 415,
1079 2168 1156 2202 sive
1182 2180 1212 2201 a.
1240 2168 1280 2203 C.
1308 2167 1353 2203 N.
1382 2166 1475 2213 339,
1501 2165 1657 2201 biennio

282 2242 366 2270 ante
385 2233 532 2280 nuptias
553 2245 638 2267 cum
659 2232 874 2278 Cleopatra,
895 2229 1097 2264 Alexandri
1116 2228 1245 2275 Magni
1264 2241 1404 2263 sorore.
1423 2227 1554 2263 Nescio
1575 2227 1658 2274 qui-

282 2296 349 2330 bus
373 2294 581 2330 rationibus
610 2293 741 2327 ductus
767 2292 963 2327 Si-Croia:
989 2303 1126 2325 annum
1153 2296 1286 2324 statuat
1310 2289 1381 2332 334
1411 2302 1441 2324 a.
1468 2290 1507 2326 C.
1538 2290 1582 2324 N.

335 2356 584 2390 Brundisium.
612 2355 719 2389 Hanc
733 2353 864 2387 urbem
883 2353 995 2399 vulgo
1014 2351 1163 2398 quidem
1183 2358 1336 2385 narrant
1355 2364 1374 2386 a
1388 2351 1555 2386 Gnossiis
1569 2352 1657 2386 Cre-

284 2416 447 2450 tensibus
474 2415 664 2450 conditam
692 2427 700 2448 z
730 2413 794 2448 sed
822 2413 1019 2459 Pompeius
1042 2424 1121 2447 eam
1147 2412 1194 2446 ad
1217 2412 1440 2447 Diomedem
1468 2419 1657 2447 auctorem

283 2476 414 2519 refert,
444 2477 544 2523 quod
569 2476 608 2510 in
634 2475 803 2523 plurimis
827 2474 906 2508 aliis
934 2474 1078 2520 Apuliae
1103 2473 1258 2508 urbibus
1283 2471 1364 2508 fieri
1389 2480 1520 2508 notum
1548 2481 1611 2510 est.

334 2538 416 2572 CAP.
456 2538 497 2570 V.
526 2536 665 2570 Radice
699 2536 868 2571 Caucasi.
910 2536 991 2569 Hoc
1031 2534 1192 2581 explicat
1228 2535 1382 2578 Strabo,
1420 2534 1653 2583 Geograplz„

287 2610 346 2637 XI,
363 2610 397 2643 p.
427 2596 499 2631 352
526 2610 533 2630 τ
560 2602 609 2635 Τὰ
634 2602 684 2645 ὅρη
707 2598 893 2638 Μακεδόνες
919 2602 1051 2634 ἅπαντα.
1071 2601 1112 2633 τὰ
1134 2601 1239 2643 ἐφεξῆς
1262 2601 1325 2633 ἀπὸ
1352 2595 1451 2645 Ᾰρίων
1481 2602 1653 2634 Καύκασον

286 2664 450 2696 ἐκάλεσαν.
