1783 3282
347 285 394 319 ρο
641 271 827 305 JUSTINI
858 270 1203 306 HISTORIARUM
1231 271 1318 304 LIB.
1345 271 1407 305 IX.

348 354 543 397 suetudo.
571 355 690 396 Inter
720 355 811 397 haec
839 354 1085 412 eloquentia
1108 355 1309 413 insignis,
1335 355 1473 396 oratio
1497 354 1708 398 acuminis

348 441 388 475 et
411 431 594 475 solertiae
616 431 762 492 plena,
790 441 837 474 ut
863 449 942 475 nec
969 433 1143 474 ornatui
1171 431 1374 485 facilitas,
1405 449 1484 475 nec
1514 431 1708 475 facilitati

348 512 565 566 inventio,
591 527 670 553 nec
702 511 942 553 inventioni
969 509 1136 552 deesset
1163 520 1356 553 ornatus.
1388 512 1501 554 Huic
1532 510 1709 555 Alexan-

348 590 423 632 der
444 589 557 633 filius
578 590 807 644 successit,
830 598 873 630 et
894 589 1055 630 virtute
1080 598 1122 630 et
1144 589 1259 631 vitiis
1279 599 1400 648 patre
1422 591 1572 649 major.
1598 591 1708 632 Vin-

348 668 472 711 cendi
496 670 606 712 ratio
627 669 799 726 utrique
820 667 997 709 diversa.
1022 667 1103 710 Hic
1123 676 1288 726 aperte,
1313 666 1383 709 ille
1409 668 1573 710 artibus
1598 666 1711 711 bella

348 748 573 791 tractabat.
599 747 805 807 Deceptis
832 744 902 788 ille
930 745 1116 805 gaudere
1138 745 1334 788 hostibus
1350 779 1360 799 ,
1387 746 1458 788 hic
1481 745 1621 805 palam
1651 745 1713 789 fu-

349 827 417 869 sis.
455 825 720 869 Prudentior
743 824 813 868 ille
847 823 1046 880 consilio,
1073 824 1144 866 hic
1171 825 1317 867 animo
1347 823 1709 884 magnificentior.

347 906 461 947 Iram
489 914 612 963 pater
629 902 918 957 dissimulare,
936 901 1191 961 plerumque
1215 903 1343 945 etiam
1367 903 1540 946 vincere
1562 919 1570 944 :
1592 902 1711 957 huic,

348 983 422 1025 ubi
445 983 691 1034 exarsisset,
717 998 795 1024 nec
820 981 969 1023 dilatio
995 980 1191 1037 ultionis,
1214 998 1294 1024 nec
1316 981 1470 1024 modus
1486 990 1590 1024 erat.
1608 981 1710 1023 Vini

348 1062 476 1103 nimis
503 1069 685 1118 uterque
709 1059 859 1102 avidus
885 1075 892 1101 :
916 1059 989 1102 sed
1017 1059 1236 1102 ebrietatis
1261 1059 1429 1102 diversa
1450 1060 1566 1102 vitia.
1585 1061 1711 1102 Pater

349 1138 401 1181 de
427 1139 626 1181 convivio
655 1139 698 1181 in
724 1138 894 1181 hostem
927 1153 1205 1197 procurrere,
1241 1153 1419 1180 manum
1455 1153 1681 1180 conserere
1700 1172 1711 1193 ,

351 1216 553 1276 periculis
576 1233 619 1260 se
645 1226 804 1260 temere
838 1216 993 1260 offerre
1019 1234 1027 1259 ε
1052 1216 1298 1260 Alexander
1323 1233 1409 1259 non
1443 1218 1486 1258 in
1512 1216 1682 1259 hostem
1701 1250 1712 1272 ,

350 1295 422 1338 sed
452 1296 495 1337 in
523 1312 621 1339 suos
650 1297 809 1339 saevire.
835 1295 1130 1352 Quamobrem
1155 1294 1406 1355 Philippum
1431 1312 1539 1355 saepe
1560 1294 1714 1338 vulne-

349 1383 491 1417 ratum
519 1373 669 1434 proelia
698 1376 901 1418 remisere
932 1392 940 1417 :
967 1376 1038 1418 hic
1061 1376 1302 1418 amicorum
1328 1375 1580 1418 interfector
1611 1391 1714 1418 con·
1744 1408 1747 1410 Α

350 1453 464 1495 vivio
488 1453 752 1512 frequentior
777 1455 968 1497 excessit.
994 1457 1192 1514 Regnare
1211 1453 1281 1496 ille
1308 1471 1409 1496 cum
1431 1455 1580 1496 amicis
1599 1453 1715 1497 vole-

350 1531 450 1583 bat;
473 1531 543 1574 hic
570 1533 614 1573 in
637 1533 799 1575 amicos
828 1549 961 1592 regna
982 1533 1223 1575 exercebat.
1248 1533 1399 1576 Amari
1423 1542 1546 1592 pater
1566 1531 1714 1587 malle,

348 1609 419 1651 hic
455 1610 604 1652 metui.
634 1611 900 1653 Litterarum
938 1610 1079 1654 cultus
1110 1612 1283 1669 utrique
1322 1611 1487 1654 similis.
1521 1610 1714 1654 Solertiae

350 1697 471 1745 pater
492 1689 685 1747 majoris,
709 1689 779 1732 hic
803 1689 916 1732 fidei.
932 1690 1089 1733 Verbis
1110 1699 1239 1749 atque
1253 1691 1448 1733 oratione
1467 1688 1714 1749 Philippus,

349 1765 419 1808 hic
455 1766 583 1809 rebus
620 1767 896 1811 moderatior.
938 1768 1151 1811 Parcendi
1188 1769 1312 1812 victis
1349 1768 1437 1811 filio
1472 1769 1641 1811 animus
1673 1777 1717 1811 et

349 1846 611 1904 promptior,
637 1856 679 1889 et
703 1846 946 1899 honesti0r3
970 1846 1041 1890 ille
1067 1864 1145 1890 nec
1176 1848 1300 1890 sociis
1326 1847 1583 1890 abstinebat.
1609 1848 1717 1889 Fru-

351 1920 515 1982 galitati
551 1934 696 1983 pater,
741 1924 922 1968 luxuriae
954 1925 1067 1969 filius
1097 1927 1234 1986 magis
1261 1926 1432 1968 deditus
1467 1934 1571 1968 erat.
1603 1925 1717 1980 Qui-

348 2002 429 2045 bus
451 2003 616 2046 artibus
637 2005 752 2047 orbis
779 2005 950 2064 imperii
977 2004 1259 2048 fundamenta
1277 2014 1401 2064 pater
1423 2005 1547 2063 jecit,
1573 2003 1717 2064 operis

350 2082 482 2124 totius
513 2080 694 2142 gloriam
718 2082 832 2127 filius
863 2085 1194 2127 consummavit.
