1783 3282
388 221 576 255 JUSTINI
604 221 949 257 HISTORIARUM
977 225 1063 259 LIB.
1094 227 1159 261 ΙΙΙ.
1411 225 1459 271 39

92 303 192 346 bere
230 304 384 362 :jubet
418 303 688 346 Artabanum
728 319 874 346 secum
906 316 1203 350 commutare:
1235 317 1461 350 exuentem

93 399 135 424 se
151 416 161 435 ,
185 398 234 424 ac
263 381 493 436 nudatum,
511 380 654 441 gladio
681 383 860 442 trajicit,
882 391 973 425 tum
999 393 1041 425 et
1064 383 1173 427 filios
1195 387 1286 444 ejus
1303 387 1461 446 corripi

87 461 222 519 jubet.
250 463 390 519 Atque
420 461 478 503 ita
507 461 706 521 egregius
730 460 979 505 adolescens
1006 472 1048 504 et
1076 462 1236 505 caedem
1261 466 1391 522 patris
1420 478 1462 507 et

91 556 134 582 se
156 539 208 582 ab
235 539 401 583 insidiis
424 541 634 584 Artabani
661 540 912 584 vindicavit.

155 620 210 661 II.
238 620 354 662 Dum
378 619 469 662 haec
500 620 543 662 in
568 621 708 662 Persis
731 629 961 679 geruntur,
991 620 1155 662 interea
1177 622 1346 663 Graecia
1373 638 1461 663 om-

92 697 175 756 nis,
199 696 383 740 ducibus
408 697 748 740 Lacedaemoniis
770 707 813 740 et
837 698 1192 753 Atheniensibus,
1211 700 1255 741 in
1277 698 1381 742 duas
1402 699 1463 742 di·

91 776 181 819 visa
206 786 368 835 partes,
390 777 442 819 ab
467 778 656 819 externis
677 775 820 833 bellis,
845 776 964 820 velut
985 779 1028 819 in
1051 779 1214 821 viscera
1235 794 1328 830 sua,
1345 795 1460 822 arma

93 855 321 897 convertit.
345 856 476 898 Fiunt
498 855 631 914 igitur
654 855 705 898 de
728 871 814 899 uno
834 855 995 915 populo
1011 855 1097 898 duo
1115 873 1316 916 corpora,
1333 867 1376 899 et
1396 874 1463 900 eo-

91 932 289 976 rumdem
325 944 567 977 castrorum
598 935 795 978 homines
829 936 872 977 in
908 935 1015 978 duos
1044 935 1222 978 hostiles
1249 937 1463 978 exercitus

94 1012 362 1056 dividuntur.
394 1015 507 1057 Hinc
531 1014 846 1057 Lacedaemonii
876 1016 1125 1058 communia
1153 1014 1372 1074 quondam
1408 1015 1465 1057 ci-

91 1093 277 1135 vitatum
302 1092 460 1136 auxilia
482 1093 536 1136 ad
559 1095 671 1137 vires
700 1110 797 1137 suas
815 1094 1046 1137 trahebant
1068 1111 1076 1137 :
1101 1094 1201 1136 inde
1232 1094 1465 1137 Athenien-

92 1188 178 1226 ses,
215 1181 258 1214 et
292 1181 504 1215 vetustate
539 1174 678 1232 gentis
697 1207 708 1226 ,
738 1182 778 1215 et
808 1173 938 1232 gestis
970 1173 1099 1215 rebus
1129 1172 1335 1227 illustres,
1367 1189 1463 1231 pro-

91 1251 198 1310 priis
241 1249 405 1293 viribus
448 1250 736 1293 confidebant.
775 1253 917 1309 Atque
954 1252 1013 1293 ita
1054 1251 1140 1293 duo
1175 1252 1463 1310 potentissimi

94 1330 274 1372 Graeciae
298 1329 473 1388 populi,
504 1330 713 1372 institutis
737 1328 906 1372 Solonis
928 1340 970 1372 et
991 1331 1182 1390 Lycurgi
1208 1329 1374 1389 legibus
1394 1346 1465 1388 pa-

91 1424 185 1463 res,
210 1424 261 1451 ex
283 1408 557 1451 aemulatione
585 1409 743 1451 virium
774 1409 817 1450 in
843 1407 1006 1451 bellum
1034 1409 1232 1451 ruebant.
1264 1409 1463 1467 Namque

92 1487 338 1547 Lycurgus,
353 1503 490 1546 quum
509 1487 632 1530 fratri
651 1504 728 1530 suo
744 1486 1006 1546 Polydectae,
1023 1489 1337 1547 Spartanorum
1354 1489 1462 1546 regi,

93 1566 388 1622 successisset,
414 1583 684 1626 regnumque
715 1566 795 1609 sibi
824 1566 1044 1616 vindicare
1079 1568 1316 1625 potuisset,
1353 1566 1465 1611 Cha-

89 1643 217 1700 rilao,
242 1643 331 1687 filio
360 1646 479 1703 ejus,
512 1646 586 1703 qui
621 1655 747 1687 natus
776 1645 1032 1704 posthumus
1067 1645 1226 1700 fuerat,
1252 1661 1386 1703 quum
1410 1645 1463 1687 ad

92 1733 261 1767 aetatem
291 1723 483 1767 adultam
509 1725 793 1783 pervenisset,
818 1741 1002 1784 regnum
1027 1740 1195 1767 summa
1224 1724 1308 1766 fide
1338 1724 1462 1767 resti—

91 1803 175 1845 tuit
205 1819 212 1844 :
250 1811 296 1845 ut
331 1801 625 1862 intelligerent
659 1819 808 1845 omnes
843 1812 1008 1861 quanto
1046 1802 1142 1862 plus
1178 1802 1293 1862 apud
1324 1803 1462 1845 bonos

92 1881 264 1940 pietatis
285 1881 402 1940 jura,
428 1897 559 1940 quam
587 1897 737 1924 omnes
774 1898 875 1941 opes
893 1915 904 1937 ,
929 1881 1135 1924 valerent.
1157 1881 1306 1924 Medio
1330 1882 1463 1941 igitur

92 1969 288 2020 tempore
306 1959 410 2002 dum
432 1959 571 2003 infans
590 1959 877 2015 convalescit,
905 1960 1174 2020 tutelamque
1201 1960 1292 2020 ejus
1328 1960 1463 2003 admi-

92 2039 264 2095 nistrat,
290 2055 376 2082 non
400 2039 661 2082 habentibus
681 2040 903 2099 Spartanis
924 2039 1037 2100 leges
1063 2040 1268 2095 instituit,
1294 2056 1380 2082 non
1402 2042 1463 2083 in-

88 2119 292 2161 ventione
314 2134 464 2161 earum
487 2119 642 2179 magis,
665 2135 796 2178 quam
821 2118 1018 2178 exemplo
1039 2119 1208 2162 clarior.
1238 2118 1458 2178 Siquidem

88 2196 197 2239 nihil
224 2196 316 2257 lege
342 2195 429 2240 ulla
452 2199 494 2240 in
518 2197 624 2241 alios
653 2199 818 2253 sanxit,
845 2199 968 2258 cujus
994 2215 1081 2241 non
1105 2199 1196 2258 ipse
1223 2200 1390 2258 primus
1417 2200 1458 2241 in

90 2293 133 2319 se
157 2275 418 2320 documenta
453 2277 587 2320 daret.
617 2277 834 2338 Populum
862 2279 906 2321 in
942 2278 1148 2338 obsequia
1182 2279 1458 2338 principum,

90 2356 308 2415 principes
343 2357 398 2399 ad
425 2357 638 2416 justitiam
676 2358 958 2417 imperiorum
990 2358 1207 2401 formavit.
1244 2359 1462 2401 Parcimo-

87 2436 201 2478 niam
232 2436 434 2479 omnibus
464 2438 623 2493 suasit,
655 2438 905 2482 existimans
934 2437 1126 2481 laborem
1163 2437 1328 2480 militiae
1361 2439 1461 2480 assi-

88 2514 173 2558 dua
197 2514 457 2575 frugalitatis
481 2517 794 2560 consuetudine
831 2516 1070 2560 faciliorem
1105 2516 1211 2561 fore.
1241 2517 1338 2560 Emi
1376 2517 1461 2558 sin-

88 2594 186 2656 gula
225 2612 310 2637 non
348 2596 555 2654 pecunia,
588 2596 660 2638 sed
692 2598 1044 2656 compensatione
1079 2597 1287 2639 mercium
1315 2596 1456 2654 jussit.
