1783 3282
515 269 855 303 HISTORIARUM
890 272 975 304 LIB.
1002 274 1062 305 lx.
1423 273 1468 306 8¹,

112 368 230 406 rum,
254 367 566 409 versurumque
581 367 636 394 aes
655 361 804 394 statuae
825 353 867 393 in
883 351 1054 395 aculeos
1079 357 1376 412 sagittarum.»
1392 358 1467 400 His

112 430 315 488 utrinque
352 430 530 472 irritatis
562 430 735 484 animis,
758 429 959 489 proelium
989 432 1289 475 committitur.
1319 436 1467 490 Quum

111 507 272 549 virtute
289 516 329 550 et
353 523 534 550 numero
557 518 811 567 praestarent
834 509 1020 569 Scythae,
1044 518 1139 551 astu
1166 510 1353 571 Philippi
1380 516 1470 556 vin—

113 594 285 628 cuntur.
316 586 484 645 Viginti
523 585 656 629 millia
686 603 920 646 puerorum
953 604 1002 630 ac
1032 587 1289 631 feminarum
1325 601 1469 649 capta,

112 665 278 722 pecoris
299 680 454 724 inagna
471 666 550 720 vis,
574 666 667 708 auri
683 667 934 724 argentique
946 665 1066 709 nihil.
1085 669 1148 710 Ea
1164 667 1352 726 primum
1368 668 1470 712 fides

113 743 268 802 inopiae
305 743 505 802 scythicae
529 744 622 786 fuit.
652 744 820 802 Viginti
849 743 983 786 millia
1020 744 1233 788 nobilium
1263 762 1470 804 equarum

113 821 166 863 ad
190 837 324 880 genus
350 821 596 864 faciendum
623 823 665 863 in
692 821 995 865 Macedoniam
1019 825 1158 866 missa.

173 902 250 943 ΙΙΙ.
292 899 375 942 Sed
411 901 645 943 revertenti
682 901 734 943 ab
766 901 940 960 Scythia
964 901 1144 945 Triballi
1169 903 1372 963 Philippo
1398 921 1470 947 oc-

112 987 294 1021 currunt
318 995 326 1020 :
351 989 531 1038 negant,
556 998 576 1019 <c
599 981 651 1022 Se
679 980 908 1022 transitum
932 979 1130 1035 daturos,
1159 983 1202 1024 ni
1227 983 1471 1041 portionem

111 1057 325 1116 accipiant
352 1057 515 1116 praedae.
541 1077 560 1097 >³
586 1059 697 1100 Hinc
727 1059 941 1118 jurgium,
968 1069 1011 1102 et
1045 1077 1144 1103 mox
1182 1060 1399 1119 proelium,
1428 1063 1471 1104 in

113 1152 198 1195 quo
216 1136 275 1179 ita
290 1137 333 1178 in
350 1135 511 1179 femore
527 1136 778 1180 vulneratus
802 1147 864 1180 est
879 1137 1129 1197 Philippus,
1147 1149 1194 1182 ut
1218 1156 1294 1198 per
1315 1156 1472 1199 corpus

112 1217 203 1274 ejus
236 1231 372 1274 equus
402 1214 731 1258 interficeretur.
763 1217 912 1271 Quum
948 1233 1097 1259 omnes
1128 1218 1316 1259 occisum
1346 1228 1472 1276 puta-

112 1304 228 1349 rent,
253 1293 398 1353 praeda
409 1295 562 1336 amissa
585 1303 659 1336 est.
677 1296 743 1336 Ita
767 1294 977 1353 scythica,
1001 1294 1120 1337 velut
1139 1294 1313 1350 devota,
1338 1295 1473 1354 spolia

112 1388 230 1432 paene
253 1371 450 1414 luctuosa
477 1371 790 1415 Macedonibus
816 1372 946 1415 fuere.
973 1373 1061 1416 Ubi
1092 1390 1195 1416 vero
1221 1391 1271 1416 ex
1295 1373 1474 1416 vulnere

112 1451 301 1510 primum
329 1448 572 1504 convaluit,
599 1450 673 1493 diu
701 1450 1020 1494 dissimulatum
1048 1452 1208 1495 bellum
1238 1453 1475 1495 Athenien-

111 1528 226 1571 sibus
262 1528 391 1571 infert
415 1545 424 1570 ε
450 1545 636 1587 quorum
670 1545 807 1572 causae
838 1529 1032 1573 Thebani
1066 1547 1109 1573 se
1145 1531 1348 1590 junxere,
1388 1547 1475 1573 me-

113 1617 305 1663 tuentes,
334 1625 413 1663 ne,
442 1608 568 1651 victis
602 1608 958 1663 Atheniensibus,
998 1608 1184 1664 bellum,
1213 1608 1346 1651 veluti
1372 1610 1474 1652 vici-

113 1703 217 1729 num
242 1685 517 1741 incendium,
542 1686 596 1729 ad
625 1702 667 1729 se
692 1687 906 1729 transiret.
929 1689 1059 1729 Facta
1080 1687 1211 1747 igitur
1238 1688 1350 1729 inter
1369 1687 1474 1731 duas

113 1765 243 1824 paulo
266 1774 365 1807 ante
392 1765 689 1808 infestissimas
712 1766 906 1809 civitates
933 1767 1157 1820 societate,
1186 1766 1472 1826 legationibus

115 1844 329 1887 Graeciam
346 1844 540 1904 fatigant.
568 1845 893 1887 «Communem
914 1845 1081 1887 hostem
1104 1853 1260 1904 putant
1282 1861 1475 1887 commu-

112 1922 240 1965 nibus
265 1922 428 1965 viribus
465 1922 840 1977 submovendum3
874 1939 1013 1982 neque
1053 1924 1167 1965 enim
1207 1933 1474 1966 cessaturum

112 2000 364 2060 Philippum
381 2035 391 2055 ,
416 2001 449 2044 si
472 2017 677 2061 prospere
703 2003 842 2061 prima
867 2004 1173 2057 successerint,
1196 2004 1277 2045 nisi
1302 2019 1475 2045 omnem

113 2080 327 2123 Graeciam
353 2079 583 2123 domuerit.
603 2100 622 2120 »
645 2081 778 2123 Motae
801 2081 997 2139 quaedam
1018 2082 1211 2124 civitates
1239 2081 1472 2124 Athenien-

113 2159 228 2202 sibus
260 2175 302 2202 se
334 2160 548 2219 jungunt3
584 2159 792 2218 quasdam
829 2169 973 2202 autem
1003 2160 1056 2202 ad
1087 2159 1338 2219 Philippum
1374 2158 1476 2202 belli

114 2247 252 2280 metus
277 2239 418 2281 traxit.
439 2237 598 2281 Proelio
619 2239 865 2293 commisso,
883 2255 1018 2298 quum
1041 2238 1325 2282 Athenienses
1348 2238 1475 2298 longe

114 2317 275 2376 majore
307 2317 493 2360 militum
525 2334 708 2360 numero
741 2328 1021 2377 praestarent,
1050 2318 1229 2361 assiduis
1258 2316 1381 2360 bellis
1412 2319 1476 2359 in-

115 2396 268 2438 durata
284 2396 443 2438 virtute
455 2397 768 2452 Macedonum,
786 2397 1037 2440 vincuntur.
1051 2398 1153 2440 Non
1172 2405 1315 2439 tamen
1334 2397 1478 2438 imme-

115 2490 254 2518 mores
274 2475 464 2534 pristinae
485 2474 630 2534 gloriae
655 2476 848 2518 cecidere
872 2493 880 2518 ε
902 2477 1062 2535 quippe
1082 2475 1270 2519 adversis
1290 2475 1478 2518 vulneri-

114 2556 216 2610 bus,
240 2571 388 2598 omnes
406 2552 521 2609 loca,
542 2570 636 2612 quae
659 2555 820 2597 tuenda
840 2572 864 2597 a
883 2555 1066 2599 ducibus
1089 2563 1364 2615 acceperant,
1388 2570 1478 2596 mo-

116 2636 272 2677 rientes
293 2633 548 2693 corporibus
569 2642 778 2675 texerunt.
806 2635 887 2675 Hic
906 2633 995 2677 dies
1015 2635 1224 2676 universae
1241 2633 1418 2677 Graeciae
1436 2642 1477 2674 et
