1783 3282
447 272 801 307 HISTORIARUM
830 275 919 308 LIB.
949 276 1072 311 XXII.
1377 279 1444 323 ¹37

78 368 102 394 a
126 353 250 395 sociis
267 387 277 405 ‚
304 351 559 396 crudelitate
578 354 670 413 ejus
695 352 891 410 offensis,
919 354 1114 401 desertus
1139 370 1266 416 esset,
1297 364 1447 405 statuit

75 431 237 475 bellum
266 432 310 474 in
333 431 525 475 Africam
551 433 803 490 transferre,
820 433 931 477 mira
952 450 1130 494 prorsus
1151 439 1352 496 audacia,
1378 451 1445 495 ut,

74 510 232 570 quibus
260 511 304 553 in
331 510 423 554 solo
447 513 567 555 urbis
589 529 673 555 suae
699 529 778 573 par
802 530 890 556 non
915 523 1027 568 erat,
1052 530 1203 558 eorum
1229 520 1326 561 urbi
1358 520 1444 563 bel-

74 588 165 633 lum
195 589 394 645 inferret,
421 601 463 634 et
489 592 563 651 qui
588 608 665 635 sua
689 602 802 636 tueri
827 610 914 636 non
947 603 1141 653 poterat,
1170 595 1446 656 impugnaret

75 667 244 723 aliena3
276 670 504 730 victusque
544 672 784 716 victoribus
817 671 1064 716 insultaret.
1097 674 1239 734 Hujus
1279 677 1445 721 consilii

73 765 161 792 non
203 750 347 793 minus
386 750 641 794 admirabile
678 751 923 807 silentium,
957 769 1089 812 quam
1127 765 1445 811 commentum,

70 826 154 871 fuit
170 862 181 884 ‚
208 829 373 889 populo
398 830 482 872 hoc
499 829 638 872 solum
651 830 892 890 professus,
919 833 1163 878 «invenisse
1188 851 1231 878 se
1255 836 1445 879 victoriae

69 909 215 951 viam:
244 908 411 951 animos
441 907 503 951 illi
529 918 700 953 tantum
735 911 778 953 in
804 912 983 955 brevem
1013 913 1253 958 obsidionis
1281 916 1448 975 patien-

71 987 175 1029 tiam
204 987 430 1031 firmarent
450 1005 459 1031 z
476 988 568 1044 vel,
588 990 623 1032 si
650 991 720 1032 cui
746 999 883 1034 status
906 994 1128 1052 praesentis
1152 993 1339 1037 fortunae
1361 994 1447 1039 dis-

70 1065 268 1126 pliceret,
307 1067 410 1111 dare
452 1085 496 1112 se
541 1069 579 1111 ei
621 1069 871 1114 discedendi
916 1071 1098 1115 liberam
1138 1083 1446 1133 potestatem.»

70 1147 222 1203 Quum
247 1146 365 1190 mille
390 1148 583 1191 sexcenti
609 1148 923 1205 discessissent,
950 1160 1117 1195 ceteros
1136 1151 1191 1195 ad
1212 1152 1447 1197 obsidionis

70 1227 368 1270 necessitatem
402 1228 624 1273 frumento
661 1239 703 1272 et
734 1229 953 1289 stipendio
989 1232 1167 1275 instruit
1196 1249 1204 1274 :
1229 1233 1446 1292 quinqua-

70 1306 191 1365 ginta
214 1316 387 1349 tantum
412 1324 558 1351 secum
586 1307 750 1352 talenta
777 1308 832 1352 ad
857 1319 1118 1368 praesentem
1143 1327 1271 1355 usum
1291 1311 1446 1363 aufert,

70 1393 214 1428 cetera
238 1402 290 1440 ex
315 1386 440 1430 hoste
462 1386 636 1442 melius,
662 1404 795 1446 quam
820 1405 872 1432 ex
901 1389 1027 1432 sociis
1061 1399 1307 1449 paraturus.
1338 1392 1446 1434 Om-

69 1478 144 1507 nes
171 1464 328 1508 deinde
354 1482 501 1510 servos
526 1466 728 1511 militaris
755 1469 913 1525 aetatis,
940 1467 1141 1513 libertate
1166 1469 1352 1513 donatos
1386 1487 1448 1515 sa-

68 1554 292 1588 cramento
317 1545 481 1606 adegit,
503 1563 662 1606 eosque
677 1581 688 1603 ,
714 1557 755 1591 et
781 1548 991 1607 majorem
1011 1557 1180 1608 partem
1205 1549 1340 1592 ferme
1364 1550 1447 1593 mi-

69 1623 218 1680 litum,
243 1625 428 1669 navibus
453 1627 662 1686 imponit;
687 1637 808 1670 ratus
825 1661 836 1681 ‚
865 1637 1089 1687 exaequata
1118 1629 1346 1688 utriusque
1379 1645 1447 1672 or·

68 1702 182 1747 dinis
200 1704 472 1761 conditione,
492 1716 691 1749 mutuam
708 1699 822 1750 intei-
836 1723 909 1750 eos
923 1707 1097 1751 virtutis
1118 1707 1442 1751 aemulationem

67 1782 264 1828 futuram
287 1802 296 1828 :
326 1795 493 1829 ceteros
517 1802 669 1830 omnes
696 1786 751 1829 ad
775 1786 956 1829 tutelam
984 1788 1135 1847 patriae
1160 1787 1349 1847 reliquit.

133 1867 187 1907 V.
216 1866 414 1925 Septimo
446 1867 581 1926 igitur
617 1867 790 1927 imperii
822 1882 967 1920 anne,
1002 1867 1236 1910 comitibus
1275 1867 1447 1910 duobus

68 1943 227 1988 adultis
258 1944 377 2000 filiis,
408 1946 692 2006 Archagatho
727 1956 770 1988 et
808 1945 1061 1995 Heraclida,
1099 1946 1220 1989 nullo
1259 1946 1447 1990 militum

69 2024 227 2068 sciente
244 2041 331 2085 quo
356 2026 601 2081 veheretur·3
625 2042 803 2069 cursum
825 2026 869 2068 in
887 2025 1079 2070 Africam
1104 2025 1266 2086 dirigit.
1296 2028 1446 2083 Quum

70 2122 219 2149 omnes
248 2116 324 2148 aut
358 2107 403 2149 in
427 2105 599 2149 Italiam
637 2106 879 2166 praedatum
907 2123 971 2161 se,
1004 2117 1079 2149 aut
1118 2107 1162 2149 in
1201 2106 1448 2149 Sardiniam

69 2188 206 2229 ituros
230 2185 476 2239 crederent,
503 2195 595 2228 tum
609 2186 821 2245 primum,
846 2188 1046 2245 exposito
1073 2186 1117 2227 in
1136 2184 1294 2229 Africae
1323 2185 1449 2229 litore

68 2265 284 2319 exercitu,
311 2264 544 2308 consilium
572 2281 700 2307 suum
729 2265 933 2308 omnibus
960 2265 1112 2324 aperit.
1143 2265 1245 2322 Quo
1278 2266 1322 2308 in
1355 2264 1449 2308 loco

72 2348 293 2405 Syracusae
325 2346 475 2405 positae
516 2346 630 2400 sint,
657 2344 864 2397 ostendit,
887 2344 1079 2404 «quibus
1120 2343 1239 2387 aliud
1277 2343 1446 2388 nullum

74 2425 285 2469 auxilium
312 2435 556 2484 superesset
571 2459 582 2480 ‚
600 2441 731 2484 quam
756 2434 806 2467 ut
828 2424 1025 2468 hostibus
1047 2424 1209 2467 faciant
1223 2457 1234 2479 ⁷
1253 2441 1348 2484 quae
1367 2425 1447 2484 ipsi

73 2506 312 2565 patiantur.
351 2504 531 2564 Quippe
558 2503 683 2548 aliter
710 2504 851 2559 domi,
877 2503 1003 2547 aliter
1041 2503 1170 2559 foris,
1196 2503 1310 2546 bella
1338 2513 1445 2546 trac—

69 2586 163 2628 tari.
194 2586 325 2627 Domi
349 2600 397 2628 ea
421 2584 511 2627 sola
537 2584 697 2627 auxilia
720 2599 833 2638 esse⁷
855 2601 950 2644 quae
977 2585 1127 2644 patriae
1156 2584 1264 2626 vires
1287 2584 1448 2626 submi>

68 2666 252 2709 nistrent
281 2682 287 2706 :
317 2664 419 2707 foris
456 2664 623 2707 hostem
662 2665 790 2707 etiam
837 2664 922 2705 suis
967 2665 1130 2706 vii-ihus
1174 2664 1308 2716 vinci,
1345 2663 1447 2704 dcii*
