1783 3282
605 265 796 300 LIBRUM
829 267 970 300 XVIII.
1389 288 1462 322 αις)

86 362 139 393 11,
166 354 200 392 [ῃ.
214 349 428 385 Gronovius
452 362 561 394 avus,
575 349 824 396 probantibus
845 351 992 386 Graevio
1007 359 1041 387 et
1055 355 1176 390 Fabro
1188 383 1197 400 ‚
1216 358 1354 392 mavult
1376 359 1461 392 invi-

83 410 217 454 sitata,
243 411 423 446 Romanis
448 411 618 446 nondum
648 412 734 446 visa.

135 472 213 507 Nec
230 471 394 506 hostibus
412 472 600 507 incruenta
619 472 777 507 victoria
784 471 873 519 fuit.
893 485 973 508 x111
993 486 1032 508 M.
1052 474 1194 521 ferunt,
1208 485 1355 514 auctore
1374 480 1461 514 Plu-

83 533 229 577 tarcho,
255 545 367 568 caesos
395 546 441 568 ex
468 533 644 581 Epirotis.

136 594 220 629 cm».
241 595 290 629 ΙΙ.
317 595 455 630 Statuis
477 596 573 644 regis
593 596 850 642 imposuerunt.
871 597 1004 632 Narrat
1023 597 1236 642 Athenaeus,
1249 599 1312 632 lib.
1334 612 1377 643 x,
1401 613 1462 639 πως

81 654 249 690 AElianus
272 657 380 700 Var.,
403 668 453 700 11,
483 660 550 701 41,
577 663 614 692 et
639 657 828 701 Laertius,
853 658 890 693 in
915 659 1011 694 Xen.
1037 658 1147 693 Haud
1167 660 1324 694 multum
1352 660 1462 695 dissi—

82 716 170 751 mile
206 716 341 752 factum
372 717 597 753 Xenocratis
633 717 872 765 philosophi,
912 719 976 766 qui
998 718 1144 754 muneri
1180 720 1251 754 sibi
1288 720 1411 754 datam
1445 735 1463 755 a

80 777 264 825 Dionysio
288 790 375 825 rege
407 791 585 813 coronam
610 790 776 823 auream,
811 779 965 815 domum
991 793 1011 815 a
1037 793 1141 816 coena
1168 781 1336 826 rediens,
1359 783 1463 815 Mer-

81 838 202 883 curio,
229 839 291 886 qui
317 839 437 874 stabat
464 846 548 874 ante
569 839 687 886 regias
713 840 829 884 aedes,
854 841 993 887 injecit.

134 901 276 948 Regum
297 900 419 934 urbem
437 900 508 935 sibi
529 900 662 935 visam.
690 901 925 946 Plutarchus,
953 902 990 937 in
1007 903 1176 949 Pyrrho,
1198 916 1227 938 c.
1245 908 1310 948 42,
1331 903 1378 938 de
1403 916 1463 938 se-

80 967 169 996 natu
194 967 338 996 tantum
363 974 369 995 :
397 973 479 996 eum
501 963 695 997 multorum
715 974 843 1010 regum
870 964 991 999 visum
1012 976 1092 998 esse
1120 965 1335 1007 concilium,
1374 971 1465 1011 βασι-

79 1028 156 1061 λέων
189 1032 312 1061 πολλῶν
344 1025 524 1073 συνέδριοη
550 1024 699 1067 Florus,
719 1036 752 1068 1,
785 1023 827 1059 18
848 1038 855 1059 :
883 1025 1007 1060 urbem
1029 1028 1208 1073 templum
1230 1027 1302 1061 sibi
1323 1028 1462 1068 visam,

80 1091 251 1119 senatum
270 1096 398 1131 regum
417 1097 506 1119 esse.

133 1145 216 1180 CAP.
231 1145 302 1179 III.
329 1146 526 1191 Assyrium
550 1152 736 1193 stagnum.
757 1148 899 1181 Lacum
921 1147 1096 1195 intelligit
1119 1149 1461 1191 Gennesar-eticum,

80 1205 127 1240 de
147 1218 221 1253 quo
240 1206 396 1250 Strabo,
417 1206 471 1241 lib
492 1218 570 1241 XVI.
595 1207 788 1252 Assyrium
807 1220 877 1254 pro
901 1208 1066 1254 Syrium,
1088 1209 1191 1256 quod
1210 1217 1352 1245 veteres
1367 1223 1460 1244 con-

80 1273 288 1302 sueverunt.

132 1329 277 1363 Piscem
300 1327 497 1362 Phoenices
514 1329 622 1363 sidon
646 1337 791 1363 vocant.
828 1329 935 1363 Idem
966 1330 1095 1365 asserit
1121 1331 1229 1366 Philo
1254 1332 1462 1366 Bibliensis.

80 1389 190 1424 Unde
219 1389 354 1430 Sidon,
387 1388 522 1423 Graecis
554 1391 681 1435 Σιδών,
710 1395 884 1436 corrupte
913 1396 1037 1424 ortum
1062 1391 1158 1426 foret
1180 1404 1200 1427 a
1223 1404 1341 1438 graeco
1369 1399 1465 1441 ἰχθύς,

81 1449 210 1496 piscis,
226 1455 358 1498 ίχθυάω,
383 1448 536 1495 piscari,
558 1455 691 1498 ἰχθυόεν,
710 1449 917 1497 piscosum3
941 1450 1006 1485 sed
1029 1451 1160 1486 melius
1184 1465 1204 1486 a
1234 1455 1327 1498 σίδη,
1347 1453 1465 1487 malus

82 1510 219 1557 punica
247 1517 283 1545 et
313 1509 474 1553 fructus,
508 1517 545 1544 ut
574 1510 665 1545 Sida
698 1511 852 1545 Boeotiae
881 1511 1081 1559 oppidum,
1105 1519 1166 1546 aut
1197 1520 1425 1547 contractum
1446 1526 1465 1548 a

83 1574 208 1618 σιᾶόεν,
233 1570 432 1618 puniceum
457 1569 649 1620 (malum).
673 1573 717 1606 In
742 1572 903 1607 nummis
933 1572 1104 1616 Sidonis,
1125 1586 1235 1620 super
1260 1586 1371 1620 prora
1396 1587 1462 1607 na-

82 1633 136 1668 vis
148 1659 158 1678 ,
176 1634 325 1667 Astarte
337 1659 346 1677 ,
367 1644 451 1667 eum
468 1633 670 1680 epigraphe
693 1642 882 1671 ΣΙΔΩΝΟΣ
903 1642 1016 1672 ΘΕΑΣ
1034 1634 1198 1683 <Sidonis
1217 1634 1333 1684 deoe),
1355 1635 1464 1669 exhi*

81 1695 191 1730 betur
209 1694 341 1730 dextra
360 1695 598 1729 acrostolium
612 1701 762 1738 tenens,
782 1695 929 1730 sinistra
947 1696 1088 1729 hastam
1107 1696 1147 1730 in
1172 1696 1371 1731 tridentem
1391 1697 1465 1743 pis-

81 1763 248 1791 catorum
268 1755 518 1799 desinentem3
545 1756 583 1790 in
607 1756 830 1803 quibusdam
850 1757 1050 1804 delphinus
1071 1758 1331 1792 subternatans
1350 1771 1460 1792 cons—

81 1818 227 1864 picitur.
243 1817 389 1852 VideD.
401 1818 604 1861 ΜιοΝΝΕΤ,
619 1819 745 1852 Descr.
759 1818 825 1852 des
835 1819 946 1860 med„
959 1831 994 1862 v,
1013 1817 1061 1860 64
1072 1823 1139 1865 ‚94
1152 1846 1161 1862 ‚
1179 1818 1249 1860 384
1266 1826 1301 1853 et
1314 1819 1460 1865 passim.

80 1879 197 1914 Sidon
212 1878 325 1925 igitur
338 1878 460 1925 piscis,
474 1879 576 1922 urbs,
591 1885 626 1913 et
635 1879 715 1923 dea,
730 1879 859 1914 eadem
872 1887 949 1914 erat
963 1892 1004 1914 ac
1015 1881 1191 1923 Derceto,
1208 1892 1227 1914 a
1241 1887 1294 1930 θήρ
1304 1911 1312 1924 ,
1326 1880 1418 1923 fera,
1430 1887 1460 1913 e!

79 1951 187 1987 κῆτος,
201 1947 319 1984 cetus,
335 1952 414 1986 quae
425 1940 587 1974 humana
600 1940 703 1984 facie,
715 1941 861 1987 reliquo
876 1953 1034 1987 corpore
1053 1942 1178 1988 piscis,
1199 1942 1295 1988 apud
1316 1943 1461 1987 Joppcu

81 2002 294 2046 colebatur3
332 2001 462 2036 eadem
506 2014 585 2048 quae
621 2002 865 2036 Andromeda
901 2015 991 2037 saxo
1025 2002 1184 2049 alligata,
1207 2002 1348 2036 ibidem
1383 2009 1464 2036 ceto

80 2063 226 2097 marino
247 2062 434 2109 exposita,
455 2069 490 2097 et
503 2069 630 2108 postea
645 2062 685 2096 in
698 2062 864 2109 piscibus
883 2063 981 2097 inter
999 2070 1096 2097 astra
1110 2064 1312 2106 collocata;
1335 2062 1462 2097 eadem

82 2137 161 2170 quae
180 2126 376 2170 Atargata
394 2123 452 2157 vel
473 2123 685 2170 Atetgatzs,
709 2136 729 2156 a
751 2135 870 2169 graeco
891 2130 994 2173 ἀθάρα
1013 2125 1073 2158 vel
1096 2129 1198 2173 ἀθήρα.
1211 2155 1219 2169 ,
1239 2124 1348 2166 ador,
1370 2129 1463 2173 αἰθήρ,

80 2185 207 2227 arista,
228 2184 327 2218 unde
353 2183 522 2226 Achara,
545 2183 685 2226 Achor,
704 2185 763 2218 vel
781 2184 1077 2228 Athyr-,Venus,
1101 2196 1163 2218 seu
1188 2184 1312 2231 potius
1335 2184 1443 2219 Ceres
1457 2212 1464 2225 ‚

81 2254 117 2281 ct
130 2260 148 2280 a
162 2255 269 2296 γῆθος,
284 2244 459 2292 gaudium
470 2271 480 2288 ,
494 2244 637 2287 laetitia,
659 2244 787 2279 dorice
807 2245 845 2278 in
865 2257 987 2291 comp.
1007 2251 1132 2294 -γαθής,
1150 2253 1254 2295 γαθέω
1269 2247 1328 2279 vel
1342 2252 1442 2295 Ὗ-ἧοέω
1456 2277 1463 2287 ,

81 2307 245 2355 gaudeo,
270 2307 396 2349 laetor,
418 2305 540 2340 Arista
556 2305 707 2349 laetitiae,
734 2318 799 2339 seu
822 2306 939 2352 Virgo
966 2306 1136 2352 spicifera
1157 2307 1319 2353 piscibus
1339 2319 1461 2353 oppo-

82 2369 162 2403 sita.
181 2369 268 2403 Haec
279 2368 346 2403 dea
369 2374 446 2403 erat
460 2366 753 2402 Ascalonitarum
765 2380 774 2411 3
788 2367 928 2401 Plinius
946 2367 1203 2414 prodigiosam
1222 2375 1350 2411 vocat,
1365 2369 1463 2414 quod

82 2430 316 2465 simulacrum
337 2429 413 2475 ejus
432 2428 624 2475 superiore
644 2435 748 2475 parte
767 2428 977 2471 mulierem,
1001 2428 1142 2475 reliqua
1163 2429 1299 2475 piscem
1320 2429 1464 2463 referat.

82 2491 179 2526 Hinc
211 2504 229 2525 a
259 2490 413 2538 piscium
447 2502 509 2524 esu
539 2489 653 2523 vicini
681 2489 812 2536 populi
830 2488 1108 2536 religiosissime
1128 2489 1376 2524 abstinebant.
1408 2489 1465 2523 Si«

82 2552 257 2598 Latopoli
281 2551 452 2586 Minerva
471 2557 622 2600 παρθένος
646 2562 709 2585 seu
728 2550 854 2597 virgo,
879 2550 1063 2597 piseisque
1087 2552 1202 2586 Latos
1227 2551 1464 2589 colebantur,

82 2612 347 2659 Latopolisque
377 2613 424 2646 ab
449 2611 555 2657 hujus
583 2612 681 2646 cultu
712 2624 849 2645 nomen
878 2613 1029 2658 accepit.

141 2673 321 2708 Crucibus.
348 2673 497 2719 Quippe
520 2672 676 2719 proprio
706 2684 897 2707 servorum
934 2672 1128 2719 supplicio.
1159 2675 1313 2715 Pinna,
1334 2672 1369 2704 in
1392 2672 1455 2704 ,Mc-
