1783 3282
523 289 869 324 HISTORIARUM
900 290 986 323 Ltss.
1012 291 1109 323 XVI.
1425 291 1488 324 151

137 375 251 417 niam
288 372 473 415 fatorum
506 373 706 432 auspiciis
735 373 778 415 in
802 387 872 414 eas
895 371 1016 414 sedes
1042 371 1170 413 delati
1199 382 1348 426 erant,
1378 372 1496 414 brevi

139 458 330 508 tempore
356 467 530 511 magnas
551 468 653 511 opes
682 467 899 511 paravere.
926 447 1069 492 Multa
1097 449 1250 492 deinde
1272 451 1400 509 hujus
1424 467 1498 493 ur-

135 527 201 570 bis
224 527 427 572 adversus
448 530 654 574 finitimos
681 530 807 584 bella,
828 528 974 573 multae
993 529 1122 571 etiam
1147 527 1389 571 domesticae
1412 528 1499 572 dis-

135 607 354 651 sensiones
384 608 516 652 fuere.
556 612 675 653 Inter
718 619 860 653 cetera
897 607 1151 668 magnifica,
1180 605 1248 649 vel
1286 592 1507 666 praecipue*

136 683 242 728 illud
279 687 560 730 memorabile
589 688 683 731 fuit.
718 690 869 744 Quum
907 703 1054 730 rerum
1091 686 1338 746 potirentur
1366 685 1501 727 Athe—

135 763 322 819 nienses,
345 766 556 825 victisque
575 767 735 821 Persis,
753 767 932 810 Graeciae
951 775 992 808 et
1012 765 1122 808 Asiae
1140 763 1357 807 tributum
1376 764 1418 804 in
1438 772 1502 805 tu-

134 841 265 885 telam
295 843 440 886 classis
466 844 811 904 descripsissem,
844 844 1046 887 omnibus
1085 842 1243 902 cupide
1271 841 1326 884 ad
1354 842 1503 901 praesi2

135 920 255 964 dium
285 920 434 964 salutis
465 939 550 965 suae
583 922 930 975 conferentibus3
960 921 1039 965 soli
1079 920 1414 975 HeracleenseS,
1448 920 1501 962 ob

135 1001 370 1043 amicitiam
413 1018 565 1061 regum
605 1003 891 1062 persicorum,
926 1000 1202 1044 collationem
1241 1000 1499 1043 abnuerunt.

134 1079 293 1122 Missus
315 1080 461 1139 itaque
491 1081 543 1123 ab
563 1081 897 1124 Atheniensibus
924 1079 1169 1122 Lamachus
1193 1094 1292 1121 cum
1309 1078 1502 1120 exercitu

135 1156 189 1199 ad
208 1159 554 1217 extorquendum
571 1193 581 1213 ,
604 1160 721 1218 quod
747 1159 1007 1219 negabatur,
1030 1157 1155 1213 dum,
1182 1156 1342 1200 relictis
1375 1157 1418 1199 in
1452 1155 1502 1198 li-

135 1246 228 1279 tore
259 1238 466 1293 navibus,
497 1254 622 1298 agros
652 1237 1004 1281 Heracleensium
1030 1235 1287 1296 populatur,
1323 1234 1502 1278 classem

134 1331 233 1358 cum
258 1316 422 1375 majore
439 1326 560 1376 parte
574 1317 787 1359 exercitus
807 1315 1035 1376 naufragio
1055 1315 1290 1374 repentinae
1314 1324 1503 1373 tempes-

135 1395 234 1438 tatis
270 1396 428 1440 amisit.
461 1399 614 1455 Itaque
647 1413 782 1456 quum
820 1412 961 1454 neque
1002 1395 1110 1438 mari
1143 1403 1307 1454 posset,
1336 1393 1503 1436 amissis

133 1475 335 1530 navibus,
356 1492 496 1535 neque
518 1486 632 1519 terra
651 1475 832 1519 auderet
845 1509 856 1531 ,
880 1491 979 1518 cum
998 1491 1131 1534 parva
1150 1489 1283 1516 manu
1306 1474 1420 1517 inter
1440 1483 1503 1516 tot

132 1554 418 1597 ferocissimas
440 1564 585 1615 gentes
599 1555 780 1609 reverti3
801 1553 1104 1597 Heracleenses
1124 1553 1419 1596 honestiorem
1436 1552 1504 1594 be-

133 1633 296 1687 neficii,
331 1650 461 1693 quam
491 1633 668 1677 ultionis
696 1633 965 1677 occasionem
993 1632 1093 1686 rati,
1120 1632 1354 1674 instructos
1384 1648 1502 1674 com-

133 1713 345 1756 meatibus
370 1712 627 1773 auxiliisque
655 1714 883 1756 dimittunt
909 1728 918 1754 ε
950 1711 1058 1754 bene
1089 1727 1294 1770 agrorum
1323 1726 1500 1753 suorum

132 1791 460 1851 populationem
499 1794 739 1853 impensam
779 1792 1103 1844 existimantes,
1133 1791 1186 1844 si,
1217 1807 1324 1849 quos
1358 1790 1501 1833 hostes

132 1870 397 1936 habuerant,
421 1873 582 1915 amicos
605 1871 909 1915 reddidissent.

193 1951 269 1993 IV.
290 1951 408 1994 Passi
424 1961 524 1993 sunt
551 1951 665 1993 inter
687 1950 874 2010 plurima
899 1948 1012 1992 mala
1040 1948 1169 1992 etiam
1197 1947 1469 2007 tyrannidem
1492 1965 1500 1989 :

131 2029 345 2089 siquidem
359 2046 494 2089 quum
515 2029 636 2089 plebs
655 2039 697 2073 et,
716 2046 849 2072 novas
866 2028 1033 2072 tabulas
1049 2038 1092 2071 et
1107 2028 1362 2070 divisionem
1379 2043 1503 2087 agro-

132 2125 231 2152 rum
244 2108 430 2152 divitum
450 2109 716 2169 impotenter
735 2109 971 2169 flagitaret,
994 2108 1068 2151 diu
1086 2124 1132 2150 re
1153 2108 1197 2150 in
1217 2116 1367 2150 senatu
1388 2116 1501 2149 trac-

133 2197 242 2244 tata,
270 2204 406 2248 quum
435 2189 575 2231 exitus
602 2189 663 2231 rei
693 2204 781 2231 non
810 2188 1099 2242 inveniretur,
1133 2196 1402 2246 postremum
1426 2185 1501 2228 ad-

131 2283 281 2311 versus
309 2266 481 2327 plebem
501 2268 635 2311 nimio
664 2268 753 2311 otio
776 2266 1090 2321 lascivientem,
1120 2264 1278 2308 auxilia
1304 2282 1327 2308 a
1354 2264 1501 2308 Timo-

135 2347 256 2403 theo,
277 2346 613 2391 Atheniensium
633 2346 742 2390 duce
773 2363 894 2402 mox,
923 2347 975 2389 ab
999 2344 1301 2406 Epaminonda
1336 2344 1503 2388 Theba-

133 2440 291 2470 norum
324 2425 528 2485 petivere.
564 2427 773 2486 Utrisque
810 2426 1089 2486 negantibuS‚
1122 2424 1175 2468 ad
1213 2424 1500 2478 Clearchum‚

133 2521 262 2566 quem
281 2504 362 2565 ipsi
382 2505 426 2547 in
447 2503 643 2548 exsilium
668 2514 871 2564 egerant,
895 2504 1144 2548 decurrunt.
1169 2505 1307 2546 Tanta
1327 2501 1501 2545 calami-

134 2593 274 2628 tatum
291 2583 522 2626 necessitas
540 2583 638 2636 fuit,
659 2592 729 2637 ut,
749 2584 818 2626 cui
841 2584 1027 2643 patriam
1046 2582 1384 2635 interdixerant,
1402 2597 1498 2624 eum

133 2664 187 2708 ad
216 2661 395 2708 tutelam
425 2663 574 2722 patriae
598 2672 861 2706 revocarent.
891 2662 978 2706 Sed
1004 2662 1238 2706 Clearchus
1261 2660 1413 2704 exsilio
1439 2659 1499 2702 fa-
