1783 3282
352 272 537 306 JUSTINI
568 271 913 307 HISTORIARUM
942 275 1027 309 LIB.
1052 277 1112 309 w.
1370 275 1417 309 63

49 355 273 416 eligendus
300 355 354 397 sit
387 371 438 397 ex
470 355 700 410 universis,
730 353 953 398 meliorem
992 356 1125 401 alium
1163 375 1262 403 esse.
1292 382 1310 402 n
1334 364 1417 406 Ac-

48 437 182 494 ceptis
202 434 334 494 igitur
356 434 607 494 quingentis
632 433 825 491 talentis,
841 435 984 495 jussus
1007 445 1069 478 est
1090 438 1274 482 Conona
1297 440 1419 486 classi

49 512 276 572 praeficere.

110 594 166 636 II.
195 593 273 634 His
301 591 506 652 cognitis,
536 592 853 636 Lacedaemonii
890 602 932 636 et
958 593 1040 653 ipsi
1068 609 1092 637 a
1119 610 1220 655 rege
1247 597 1418 659 AEgypti

48 672 324 731 Hercynione
353 670 513 715 auxilia
546 670 710 715 navalis
743 671 846 715 helli
880 688 958 732 per
988 671 1152 733 legatos
1186 684 1373 734 petunt;
1398 696 1419 722 a

47 767 135 810 quo
157 761 333 795 centum
358 751 575 805 triremes,
600 761 642 794 et
670 760 869 794 sexcenta
892 750 1028 796 millia
1056 752 1305 798 modiorum
1332 755 1418 800 fru-

46 831 184 873 menti
221 831 349 873 missa
386 846 395 872 1
431 845 454 872 a
483 830 636 872 ceteris
669 845 843 889 quoque
875 831 1000 874 sociis
1036 832 1230 892 ingentia
1263 834 1421 879 auxilia

46 918 270 953 contracta
300 918 414 952 sunt.
451 908 535 952 Sed
571 918 695 952 tanto
730 909 960 966 exercitui,
987 920 1030 954 et
1058 921 1211 956 contra
1251 922 1420 959 tantum

47 989 224 1044 ducem,
254 988 402 1032 deerat
435 987 593 1049 dignus
626 990 874 1049 imperator.
913 992 1065 1050 Itaque
1102 991 1421 1052 postulantibus

46 1069 172 1113 sociis
193 1066 442 1129 Agesilaum
468 1067 647 1123 ducem,
667 1085 812 1129 regem
838 1078 941 1113 tunc
962 1070 1420 1130 Lacedaemoniorum,

48 1158 228 1209 propter
258 1164 515 1208 responsum
539 1147 704 1191 oraculi
728 1147 952 1207 Delphici,
979 1148 1053 1192 diu
1078 1151 1420 1207 Lacedaemonii,

47 1245 102 1271 an
133 1244 232 1271 eum
268 1243 446 1270 summae
474 1227 535 1269 rei
560 1236 884 1287 praeponerent,
914 1226 1265 1273 deliberaverunt
1290 1248 1298 1273 :
1327 1233 1422 1290 qui-

48 1309 126 1351 bus
159 1307 331 1350 futurus
363 1306 534 1366 imperii
565 1304 663 1348 finis
694 1305 1049 1362 denuntiabatur,
1085 1323 1220 1367 quum
1254 1310 1420 1369 regium

47 1386 327 1431 claudicasset
350 1386 584 1446 imperium
609 1402 618 1428 ε
643 1394 735 1428 erat
754 1386 871 1429 enim
897 1385 1007 1445 pede
1027 1385 1219 1430 claudus.
1235 1388 1303 1432 Ad
1326 1405 1422 1448 pos—

49 1477 235 1509 tremum
275 1474 537 1520 statuerunt,
566 1463 720 1512 melius
754 1481 843 1508 esse
879 1465 1047 1509 incessu
1086 1482 1256 1526 regem,
1291 1485 1422 1528 quam

48 1546 232 1606 imperio
257 1561 441 1606 regnum
465 1543 720 1588 claudicare.
750 1545 1038 1604 Posteaquam
1052 1545 1301 1605 Agesilaum
1323 1564 1422 1591 cum

49 1626 296 1686 ingentibus
326 1625 462 1684 copiis
491 1624 536 1666 in
563 1624 708 1668 Asiam
739 1623 916 1677 misere,
939 1639 1028 1667 non
1068 1623 1194 1668 facile
1221 1625 1423 1681 dixerim,

48 1704 166 1764 quod
194 1703 312 1747 aliud
350 1720 429 1763 par
463 1703 625 1746 ducum
660 1712 749 1745 tam
780 1702 892 1746 bene
921 1713 1222 1763 comparatum
1257 1703 1422 1748 fuerit:

49 1786 211 1844 quippe
234 1793 355 1838 aetas,
375 1784 534 1834 virtus,
562 1780 817 1836 consilium,
841 1783 1053 1841 sapientia
1084 1783 1259 1842 utrique
1289 1799 1425 1843 prope

51 1879 161 1918 una,
196 1861 334 1922 gloria
375 1877 549 1921 quoque
590 1877 737 1903 rerum
782 1870 1002 1921 gestarum
1042 1861 1193 1905 eadem
1227 1879 1236 1904 z
1266 1862 1424 1921 quibus

49 1959 186 2002 quum
212 1942 333 2002 paria
361 1941 507 1984 omnia
536 1940 711 1983 fortuna
740 1939 927 1996 dederit,
956 1941 1168 1984 invictum
1198 1951 1343 1985 tamen
1371 1943 1424 1985 ab

50 2021 186 2066 altero
209 2032 447 2080 utrumque
471 2020 670 2063 servavit.
688 2021 877 2080 Magnus
898 2020 1032 2080 igitur
1049 2021 1278 2065 amborum
1298 2038 1426 2081 appa-

50 2112 169 2145 ratus
197 2100 319 2156 belli,
338 2116 506 2161 magnae
530 2117 598 2143 res
621 2109 750 2160 gestae
774 2099 966 2143 fuerunt.
993 2099 1077 2143 Sed
1105 2101 1333 2143 Cononem
1359 2117 1424 2144 se—

52 2181 158 2224 ditio
186 2179 376 2224 militum
406 2179 592 2234 invadit,
625 2195 733 2238 quos
758 2179 951 2239 praefecti
980 2180 1093 2239 regis
1121 2179 1323 2223 fraudare
1347 2180 1424 2223 sti-

53 2261 211 2322 pendio
235 2261 350 2304 soliti
368 2270 511 2314 erant,
532 2276 583 2303 eo
603 2259 836 2303 instantius
860 2259 1004 2302 debita
1026 2260 1325 2319 poscentibus,
1339 2277 1425 2320 quo

53 2342 296 2402 graviorem
327 2340 405 2383 sub
428 2356 587 2400 magno
614 2340 725 2383 duce
752 2339 951 2383 militiam
980 2341 1314 2400 praesumebant.
1340 2342 1427 2384 Ita-

54 2438 138 2481 que
177 2422 352 2473 C0n0n‚
380 2419 454 2462 diu
478 2435 580 2480 rege
610 2436 686 2479 per
714 2419 918 2479 epistolas
952 2419 1114 2463 frustra
1143 2419 1342 2480 fatigato,
1373 2420 1426 2463 ad

55 2510 324 2561 postremum
350 2499 441 2559 ipse
466 2499 520 2542 ad
542 2516 642 2542 eum
667 2500 810 2560 pergit
835 2517 843 2542 :
865 2517 888 2543 a
914 2501 1038 2559 cujus
1064 2510 1243 2559 aspectu
1268 2510 1311 2542 et
1339 2499 1427 2542 col-

57 2580 204 2640 loquio
228 2579 474 2640 prohibitus
497 2588 580 2633 est,
600 2579 717 2637 quod
741 2595 840 2622 eum
864 2596 985 2623 more
999 2582 1230 2623 Persarum
1249 2578 1428 2622 adorare

58 2660 191 2703 nollet
212 2677 219 2703 :
242 2660 331 2720 agit
353 2669 497 2702 tamen
524 2674 622 2700 cum
647 2674 697 2701 eo
721 2674 797 2718 per
820 2659 1132 2714 internuntios,
1153 2668 1196 2701 et
1215 2657 1426 2716 queritur,
