1783 3282
52 280 119 291 mmmm*
126 281 137 291 ι
144 282 169 292 ιι
174 282 233 293 νυνι
238 282 688 295 kvwwvwwwwwvvxwuwtwvvwwnmvx
692 283 733 294 'mm
740 284 764 294 k!
771 284 797 295 vx
802 284 860 296 mxvvx
865 285 969 298 vvvwvvx
978 288 988 298 υ
993 287 1018 298 ιι
1023 288 1048 298 xx
1053 288 1122 299 υηυντ
1130 288 1158 300 ιι
1163 290 1172 299 ἰ
1177 289 1186 299 x
1193 289 1366 302 wmnmwwwwv-
1371 291 1418 303 vv-

476 493 751 549 LIBER
795 495 994 549 XVII.

43 922 77 963 Ι.
102 882 211 964 PER
237 918 353 962 idem
374 919 508 962 ferme
532 928 704 980 tempus
728 921 772 963 in
796 919 1066 981 Hellesponti
1093 931 1136 965 et
1159 923 1417 969 Chersonesi

42 998 293 1059 regionibus
317 1008 443 1042 terrae
463 1008 606 1043 motus
631 999 712 1043 fuit
733 1016 741 1042 z
764 1001 950 1043 maxime
975 1010 1120 1044 tamen
1144 1003 1417 1061 Lysimachia

43 1077 165 1132 urbs,
196 1086 296 1120 ante
325 1077 435 1121 duos
459 1087 501 1121 et
524 1079 677 1138 viginti
702 1095 839 1122 annos
856 1095 880 1121 a
910 1080 1171 1138 Lysimacho
1194 1097 1295 1141 rege
1315 1099 1418 1125 con-

41 1156 130 1200 dita
145 1190 158 1211 ,
179 1172 328 1200 eversa
353 1168 431 1203 est.
456 1157 588 1215 Quod
614 1167 868 1217 portentum
892 1158 986 1202 dira
1008 1159 1293 1218 Lysimacho,
1319 1162 1418 1204 stir-

43 1237 175 1296 pique
202 1236 314 1296 ejus,
337 1252 386 1280 ac
421 1237 544 1296 regni
570 1237 768 1290 ruinam,
798 1253 897 1279 cum
930 1236 1050 1280 clade
1074 1248 1329 1282 vexatarum
1354 1257 1419 1282 re—

44 1316 246 1375 gionum,
284 1315 588 1375 portendebat.
628 1316 721 1359 Nec
755 1317 936 1359 ostentis
976 1315 1079 1360 fides
1113 1317 1252 1361 defuit
1282 1335 1416 1361 :nam

40 1394 160 1438 brevi
188 1403 288 1453 post
317 1403 537 1454 tempore,
567 1393 852 1454 Agathoclem
875 1393 1014 1438 filium
1038 1412 1191 1452 suum,
1221 1413 1350 1456 quem
1374 1400 1416 1440 in

39 1473 355 1518 successionem
384 1474 509 1534 regni
542 1473 842 1529 ordinaverat,
876 1491 954 1534 per
981 1492 1112 1534 quem
1139 1474 1278 1519 multa
1305 1476 1414 1520 bella

39 1569 247 1613 prospere
286 1562 502 1614 gesserat,
534 1568 622 1596 non
666 1552 805 1596 solum
843 1554 1056 1613 patrium,
1094 1571 1247 1598 verum
1285 1558 1415 1599 etiam

38 1633 284 1676 humanum
335 1630 451 1675 ultra
496 1648 687 1688 morem,
736 1649 936 1692 perosus,
987 1634 1184 1677 ministra
1230 1636 1416 1679 Arsinoe

38 1726 249 1767 noverca,
291 1726 459 1754 veneno
512 1711 740 1755 interfecit.
794 1714 895 1754 Haec
939 1711 1002 1755 illi
1042 1713 1183 1772 prima
1224 1714 1326 1757 mali
1359 1714 1418 1758 la-

37 1792 133 1848 bes,
155 1792 240 1835 hoc
270 1791 446 1835 initium
468 1790 760 1852 impendentis
794 1792 931 1835 ruinae
965 1791 1061 1835 fuit.
1091 1793 1205 1836 Nam
1234 1797 1415 1853 parrici-

38 1871 160 1915 dium
192 1872 445 1932 principum
482 1882 640 1916 secutae
668 1871 804 1916 caedes
835 1880 958 1926 sunt,
999 1870 1214 1915 luentium
1248 1873 1414 1933 suppli-

39 1951 125 2007 cia,
151 1950 270 2010 quod
298 1951 491 1995 occisum
510 1952 720 2011 juvenem
747 1950 964 1994 dolebant.
995 1953 1148 2011 Itaque
1183 1961 1225 1995 et
1253 1952 1318 2007 hi,
1341 1955 1412 2012 qui

39 2029 228 2074 caedibus
256 2029 582 2090 superfuerant,
615 2040 658 2074 et
686 2031 759 2085 hi,
783 2031 857 2090 qui
892 2031 1152 2074 exercitibus
1178 2042 1414 2091 praeerant,

38 2109 236 2152 certatim
259 2108 314 2152 ad
336 2108 567 2153 Seleucum
588 2109 814 2165 deficiunt,
838 2126 1025 2169 eumque
1045 2125 1234 2169 pronum
1253 2110 1342 2169 jam
1364 2127 1415 2153 cx

39 2185 318 2230 aemulatione
352 2185 524 2247 gloriae,
553 2187 714 2231 bellum
742 2188 1003 2248 Lysimacho
1031 2187 1191 2231 inferre
1225 2188 1415 2248 compel-

41 2265 149 2308 lunt.
177 2264 396 2309 Ultimum
429 2266 513 2311 hoc
542 2276 763 2310 certamen
796 2266 1146 2311 commilitonum
1178 2266 1413 2311 Alexandri

38 2344 137 2399 fuit,
161 2352 224 2400 et,
254 2342 376 2389 velut
413 2345 469 2388 ad
503 2344 751 2406 exemplum
791 2345 995 2401 fortunae,
1027 2363 1106 2406 par
1128 2356 1411 2390 reservatum.

38 2422 324 2483 Lysimachus
344 2433 533 2483 quatuor
558 2434 602 2467 et
630 2439 719 2468 Lxx
746 2441 882 2468 annos
912 2434 1040 2469 natus
1065 2436 1184 2483 erat,
1210 2424 1415 2470 Seleucus

38 2512 204 2563 septem
231 2512 275 2546 et
297 2518 397 2547 Lxx.
422 2502 507 2546 Sed
530 2504 574 2546 in
598 2503 679 2546 hac
701 2513 827 2548 aetate
844 2506 1019 2565 utrique
1045 2507 1178 2550 animi
1200 2505 1415 2566 juveniles

38 2590 183 2637 erant,
220 2582 482 2642 imperiique
526 2582 811 2643 cupiditatem
855 2584 1145 2629 insatiabilem
1192 2587 1411 2647 gerebant.

38 2659 218 2722 Quippe
245 2678 378 2721 quum
422 2662 570 2705 orbem
608 2673 823 2708 terrarum
853 2664 940 2708 duo
976 2665 1055 2708 soli
1090 2675 1307 2718 tenerent,
1337 2680 1412 2707 an-
