1783 3282
492 239 838 275 HISTORIARUM
867 241 955 275 LIB.
981 243 1043 277 XI.
1381 257 1392 277 1
1401 244 1450 278 05

91 328 177 367 tina
201 324 429 367 securitate
455 322 626 378 datum,
652 322 768 381 quod
805 321 932 364 liceat
959 339 1058 365 cum
1090 327 1290 369 omnibus
1326 327 1446 370 Darii

85 402 218 462 copiis
250 400 481 461 confligere
507 401 726 444 :veritum
758 416 801 443 se
835 399 1008 460 longam
1049 401 1151 443 belli
1193 419 1383 460 moram,
1415 405 1448 447 si

86 482 223 523 Persae
260 479 496 522 exercitum
547 479 839 522 divisissent.»
877 481 991 522 Ante
1028 478 1230 538 proelium
1264 492 1448 542 utraque

84 558 194 600 acies
218 557 414 601 hostibus
439 556 686 617 spectaculo
709 557 803 600 fuit.
832 557 1095 600 Macedones
1123 556 1446 603 multitudinem

85 635 333 691 hominum,
357 653 592 696 corporum
627 635 993 696 magnitudinem,
1018 651 1327 694 armorumque
1360 638 1449 696 pul-

84 714 378 758 chritudinem
407 715 679 757 mirabantur
702 730 710 755 :
732 716 871 756 Persae
889 730 912 756 a
936 723 1025 756 tam
1050 714 1196 773 paucis
1220 715 1334 756 victa
1355 732 1449 759 suo-

85 809 179 837 rum
206 803 269 836 tot
292 792 427 835 millia
452 793 696 852 stupebant.
723 792 807 835 Sed
829 809 907 835 nec
934 792 1063 835 duces
1095 793 1326 836 circumire
1351 810 1448 837 suos

89 872 324 915 cessabant.
348 872 508 915 Darius
529 872 646 914 «Vix
669 870 790 913 denis
816 871 992 914 armatis
1015 869 1207 930 singulos
1231 872 1395 927 hostes,
1415 869 1447 915 si

85 949 239 992 divisio
270 949 413 1003 fieret,
449 950 653 992 evenire»
690 948 875 992 dicebat.
914 948 1158 993 Alexander
1188 951 1448 994 Macedonas

85 1028 312 1083 monebat,
327 1047 347 1068 <c
361 1029 429 1072 Ne
444 1027 725 1071 multitudine
741 1028 952 1082 hostium,
968 1044 1048 1070 nec
1072 1029 1266 1087 corporis
1288 1030 1450 1089 magni-

86 1106 256 1161 tudine,
283 1106 348 1149 vel
374 1106 529 1149 coloris
555 1107 748 1149 novitate
776 1116 1082 1149 moverentur:
1110 1115 1279 1149 tantum
1305 1109 1449 1150 memi-

93 1186 198 1228 nisse
215 1185 358 1245 jubet,
385 1201 484 1228 cum
512 1184 663 1227 iisdem
690 1201 734 1227 se
758 1184 887 1227 tertio
911 1200 1124 1244 pugnare;
1148 1201 1227 1227 nec
1250 1183 1446 1228 meliores

86 1261 219 1305 factos
243 1271 448 1321 putarent
469 1261 589 1321 fuga,
612 1278 748 1320 quum
777 1262 820 1304 in
845 1263 980 1304 aciem
1004 1277 1149 1304 secum
1175 1270 1262 1304 tam
1280 1264 1445 1304 tristem

86 1340 336 1383 memoriam
358 1339 539 1383 caedium
563 1356 738 1382 suarum
753 1373 762 1395 ⁷
779 1349 822 1382 et
846 1349 1016 1382 tantum
1037 1341 1257 1400 sanguinis
1277 1340 1446 1383 duobus

84 1417 243 1478 proeliis
272 1418 355 1461 fusi
386 1418 548 1461 ferrent
573 1435 580 1461 :
607 1427 648 1461 et
681 1418 1051 1478 quemadmodum
1079 1420 1213 1462 Dario
1236 1420 1445 1479 majorem

84 1497 255 1540 turbam
289 1498 517 1540 hominum
562 1513 672 1553 esse,
710 1499 769 1540 sic
811 1497 1004 1540 virorum
1046 1498 1174 1540 sibi.»
1209 1501 1445 1555 Hortatur,

82 1578 330 1636 «Spernant
364 1577 482 1620 illam
514 1578 649 1620 aciem
683 1594 790 1620 auro
819 1587 862 1619 et
893 1587 1074 1637 argento
1107 1577 1365 1638 fulgentem,
1401 1581 1444 1622 in

82 1672 166 1714 qua
189 1654 286 1715 plus
311 1655 482 1715 praedae,
507 1672 637 1714 quam
671 1654 851 1715 periculi
887 1656 964 1710 sit3
989 1672 1123 1716 quum
1151 1657 1331 1699 victoria
1358 1674 1445 1700 non

82 1751 303 1777 armorum
326 1734 506 1790 decore,
531 1734 605 1777 sed
629 1734 732 1777 ferri
753 1736 914 1778 virtute
939 1745 1171 1794 quaeratur.
1190 1755 1210 1775 ›>

142 1814 261 1856 XIV.
289 1815 393 1856 Post
427 1815 517 1856 haec
544 1813 743 1873 proelium
777 1814 1080 1857 committitur.
1108 1814 1370 1857 Macedones
1401 1816 1443 1857 in

80 1891 243 1934 ferrum
266 1908 364 1934 cum
391 1902 642 1952 contemptu
665 1893 790 1935 toties
815 1909 839 1935 a
870 1909 913 1935 se
940 1893 1041 1935 victi
1067 1893 1203 1936 hostis
1233 1893 1444 1936 ruebant:

83 1979 234 2013 contra
255 1972 395 2013 Persae
419 1971 549 2025 mori,
582 1987 712 2030 quam
738 1971 852 2013 vinci
876 1971 1188 2030 praeoptabant.
1215 1974 1330 2014 Raro
1356 1970 1446 2013 ullo

82 2047 233 2108 proelio
261 2059 431 2092 tantum
460 2050 681 2110 sanguinis
706 2048 850 2093 fusum
879 2059 955 2093 est.
988 2051 1148 2093 Darius
1174 2066 1307 2114 quum
1331 2050 1446 2092 vinci

83 2143 180 2170 suos
204 2127 389 2183 videret,
413 2129 523 2171 mori
550 2128 688 2170 voluit
713 2138 755 2170 et
778 2129 894 2188 ipse;
920 2128 992 2171 sed
1017 2145 1040 2170 a
1071 2129 1277 2187 proximis
1298 2128 1447 2188 fugere

82 2206 328 2267 compulsus
354 2217 429 2250 est.
459 2207 749 2250 Suadentibus
776 2206 931 2249 deinde
955 2206 1214 2265 quibusdam
1231 2240 1242 2261 ⁷
1268 2216 1313 2249 ut
1339 2224 1447 2266 pons

82 2285 222 2345 Cydni
254 2285 463 2340 fluminis,
487 2285 540 2328 ad
566 2286 648 2328 iter
682 2286 871 2328 hostium
910 2285 1256 2344 impediendum,
1282 2286 1449 2330 interci-

81 2365 258 2408 deretur
280 2381 288 2407 :
314 2365 447 2408 «Non
471 2366 530 2407 ita
553 2381 596 2408 se
614 2364 742 2408 saluti
767 2382 851 2408 suae
878 2364 987 2408 velle
1002 2364 1272 2420 consultum,
1298 2367 1377 2419 ait,
1400 2377 1447 2409 ut

83 2452 148 2487 tot
176 2441 311 2485 millia
340 2443 556 2485 sociorum
586 2444 703 2486 hosti
726 2444 905 2503 objiciat
930 2461 938 2486 ε
968 2444 1125 2487 debere
1149 2453 1191 2486 et
1219 2444 1312 2488 aliis
1338 2444 1447 2505 fugae

83 2524 195 2565 viam
222 2530 393 2581 patere,
423 2537 516 2580 quae
548 2522 737 2580 patuerit
769 2522 862 2564 sibi.
880 2543 900 2563 »
922 2522 1165 2568 Alexander
1203 2533 1344 2565 autem
1384 2540 1449 2582 pe-

82 2599 385 2644 riculosissima
421 2615 600 2658 quaeque
635 2600 968 2659 aggrediebatur
998 2619 1006 2643 :
1036 2611 1077 2644 et
1119 2602 1188 2644 ubi
1223 2601 1445 2644 confertis·-
