1783 3282
652 264 843 299 LIBRUM
869 266 990 302 XXII.
1437 274 1483 310 23
1492 287 1506 310 1

146 344 329 392 impositi,
357 351 398 379 ut
424 351 524 392 patet
548 358 593 380 ex
621 347 820 392 Strabone,
846 348 985 392 Plinio,
1009 352 1208 389 Ptolemaeo
1239 361 1274 387 et
1307 357 1396 391 aliis.
1421 359 1508 394 Mss.

145 406 363 440 AEehinoeos.
392 407 435 440 In
463 413 605 441 vetusta
629 408 793 443 editione
813 407 990 445 AEsznaeos
1013 423 1082 456 pro
1105 414 1265 450 Ennoeos
1278 424 1339 451 aut
1359 419 1508 453 Ennea-

142 479 218 508 ses,
239 466 287 501 ab
313 467 423 501 Enna
450 467 542 502 urbe
567 468 699 503 Siciliae
720 471 838 504 AEtnae
865 470 996 505 vicina.
1027 472 1100 506 Sed
1126 473 1218 509 nihil
1237 477 1462 512 mutandum.

194 528 278 562 Cn».
299 529 345 562 II.
370 528 627 576 Murgantimic.
657 530 725 564 Vel
748 531 1015 579 Illurgentc'nis,
1044 533 1190 578 populis
1217 535 1364 580 Siciliae,
1384 550 1404 573 a
1423 539 1497 585 qui-

141 589 208 622 bus
235 588 319 623 vitis
355 589 593 636 Mtrgentina
618 602 756 625 nomen
786 592 937 638 accepit.
965 593 1095 636 Pmm,
1117 605 1187 636 111,
1215 594 1255 637 ὃ,
1278 603 1312 629 et
1342 609 1427 641 xiv,
1453 612 1506 635 11.

140 649 248 683 Unde
268 648 426 694 conjicio
452 661 579 684 eorum
599 663 737 685 nornen
761 664 780 685 a
799 664 956 699 mergeS,
978 652 1165 699 spicarum
1187 653 1393 699 fasciculus,
1413 660 1469 693 vel
1489 673 1506 693 a

140 722 299 757 mergus,
327 722 511 757 propago,
535 711 666 757 gallice
683 712 837 757 provin,
865 720 1042 747 marcotte
1067 713 1114 747 de
1135 715 1246 761 vigne
1258 741 1269 756 ,
1297 716 1398 751 oriri.

190 772 343 819 Ignibus
367 773 489 806 cereis.
516 773 598 806 Jam
619 780 774 819 tangens
798 773 901 819 ignes
920 785 1045 807 cereos
1063 775 1250 820 expositos
1272 776 1368 821 jurat
1392 778 1507 813 Amil-

138 832 212 866 cari
239 844 276 866 se
304 832 462 878 obsequi
485 833 578 866 velle
605 832 739 867 Poenis.
760 833 854 866 Nam
879 833 918 866 in
945 834 1054 868 rebus
1082 835 1210 879 sacris,
1235 837 1351 882 qualis
1370 837 1431 872 illa
1451 838 1504 883 ju

135 891 351 937 risjurandi,
380 904 505 926 cereos
540 892 729 927 adhibitos
768 899 922 928 constat.
949 895 1160 929 Gronovius
1188 908 1291 940 avus,
1317 909 1425 943 quem
1460 899 1505 931 Is.

134 952 285 987 Vossius
307 960 342 987 et
370 953 488 987 Faber
514 960 597 987 sunt
625 953 784 1000 sequuti,
806 966 887 988 cum
918 954 1062 989 Sebisio
1094 957 1245 1003 corrigit
1272 957 1412 992 Cereris
1438 971 1506 1005 pro

133 1014 268 1055 cereis,
298 1026 407 1060 quam
438 1014 708 1048 correctionem
738 1013 960 1049 confirmant
987 1016 1069 1050 cod.
1101 1018 1200 1051 Med.
1240 1025 1274 1052 et
1301 1020 1505 1063 Juwnafis,

133 1081 197 1108 sat.
217 1087 302 1118 X1v,
332 1075 405 1109 218
430 1088 437 1109 :

387 1162 490 1192 Falsus
508 1161 567 1193 erit
585 1162 684 1201 testis,
702 1161 812 1192 vendet
831 1163 964 1204 perjuria
983 1173 1100 1194 summa

386 1217 519 1258 Exigua,
537 1218 657 1248 Cereris
677 1223 804 1258 tangens
820 1227 967 1259 aramque
987 1217 1171 1260 pedemque.

131 1305 356 1352 Peyraredus
382 1305 471 1352 legit
489 1305 616 1339 sacris.
637 1304 762 1338 Livius
781 1304 832 1339 ita
860 1305 905 1339 de
929 1305 1134 1349 Annibale,
1157 1306 1219 1340 lib.
1243 1319 1291 1340 xx
1318 1320 1324 1340 :
1354 1325 1365 1337 ιι
1396 1310 1502 1342 Fama

130 1366 240 1399 etiam
260 1372 332 1409 est,
352 1365 577 1400 Annibalem
597 1377 782 1400 annorum
806 1364 921 1400 ferme
942 1378 1078 1400 novem
1096 1367 1287 1412 pueriliter
1310 1369 1504 1403 blandien-

128 1433 201 1461 tem
232 1426 330 1473 patri
358 1427 549 1470 Amilcari,
578 1434 616 1461 ut
644 1426 838 1462 duceretur
868 1427 907 1461 in
937 1427 1170 1474 Hispaniam,
1201 1441 1312 1475 quum
1340 1430 1502 1475 perfecto

126 1487 257 1522 Africae
278 1488 397 1531 bello,
423 1488 622 1522 exercitum
651 1501 695 1523 eo
723 1489 958 1534 trajecturus,
976 1487 1211 1533 sacrificaret,
1230 1490 1405 1524 altaribus
1431 1491 1500 1525 ad—

125 1556 286 1593 motum,
306 1550 413 1583 tactis
431 1550 546 1582 sacris
565 1549 807 1595 jurejurando
833 1550 999 1585 adactum
1030 1562 1084 1592 se,
1105 1562 1218 1595 quum
1237 1552 1395 1596 primum
1416 1565 1501 1598 pos-

126 1617 196 1654 set,
221 1610 366 1644 hostem
394 1610 472 1644 fore
501 1611 633 1657 populi
652 1611 823 1645 Romani.
851 1627 865 1640 »
889 1611 1012 1657 Virg,
1040 1609 1146 1652 AEn.,
1170 1623 1246 1653 xil,
1279 1624 1346 1645 102
1375 1625 1382 1645 :

356 1704 460 1743 Tango
478 1713 544 1734 aras
560 1727 568 1741 ,
585 1702 761 1744 mediosque
778 1703 863 1743 ignes
882 1709 913 1734 et
931 1703 1060 1733 numina
1078 1708 1182 1734 testor.

123 1799 197 1833 Sed
224 1800 310 1834 vide
335 1807 441 1834 notas
470 1807 614 1834 nostras
641 1800 677 1833 in
705 1799 866 1833 Dionem
894 1800 931 1833 C.
954 1799 1127 1845 Nepotis,
1148 1811 1176 1832 c.
1200 1797 1240 1841 8,
1258 1796 1349 1831 etin
1376 1799 1494 1832 Anni-

122 1860 262 1904 balem,
289 1873 318 1894 c.
342 1874 374 1895 2.

175 1923 223 1955 In
250 1921 434 1956 theatrum
461 1923 515 1955 acl
539 1922 760 1955 concionem.
789 1921 924 1955 Graecis
950 1920 1046 1955 enim
1074 1927 1108 1954 et
1127 1920 1396 1955 Graeciensibus
1415 1922 1495 1968 ple-

120 1982 243 2028 risque
268 1983 451 2017 theatrum
471 1982 580 2016 fuisse
605 1994 674 2028 pro
702 1982 818 2025 curia,
851 1981 952 2024 foro,
979 1980 1147 2024 comitio,
1180 1988 1280 2027 patet
1311 1983 1419 2015 etiam
1452 1995 1495 2017 ex

119 2043 316 2086 Cicerone,
334 2043 504 2078 Diodoro
516 2070 524 2086 ,
540 2043 665 2086 Livio,
680 2043 828 2086 Tacito,
842 2043 920 2077 val.
935 2042 1118 2085 Maximo,
1139 2042 1319 2076 Frontino
1334 2069 1343 2085 ,
1366 2044 1493 2077 Auso—

118 2106 199 2148 nio,
227 2112 262 2139 et
289 2105 398 2140 Corn.
427 2105 593 2150 Nepote,
618 2105 654 2138 in
685 2105 835 2145 Tc'nzol„
863 2116 941 2149 cap.
970 2108 1001 2143 4.
1032 2122 1044 2133 ιι
1069 2104 1161 2137 Tum
1191 2103 1491 2137 Antiochensium

1247 2164 1264 2180 ῳ

118 2166 299 2202 theatrum
318 2167 520 2213 ingressus,
537 2165 586 2199 ait
605 2165 751 2198 Tacitus
763 2164 808 2197 de
831 2165 1025 2205 Muciano,
1051 2165 1151 2204 Hira,
1171 2177 1223 2207 11,
1247 2179 1310 2206 ao,
1336 2164 1399 2197 ubi
1420 2164 1490 2199 illis

117 2229 326 2263 consultare
353 2239 433 2261 mos
460 2233 533 2267 est,
558 2232 816 2260 concurrentes
837 2224 1048 2271 alloquitur.
1072 2239 1086 2254 »

170 2290 252 2325 Cn.
268 2290 338 2323 III.
360 2290 404 2322 In
419 2288 572 2334 imperio
586 2294 691 2321 esset.
720 2287 809 2320 Tum
824 2287 999 2332 temporis
1013 2286 1148 2319 consul.
1177 2285 1226 2318 Ut
1249 2285 1360 2328 infra,
1381 2298 1470 2319 xxm
1482 2314 1490 2328 ,

117 2365 157 2395 2,
176 2352 222 2386 de
244 2351 427 2386 Annibale
450 2350 614 2395 loquitur
628 2355 764 2383 auctor.
792 2349 847 2382 Ita
868 2348 996 2381 Cicero
1016 2347 1062 2380 de
1082 2347 1220 2392 Arusp.
1236 2358 1352 2393 resp„
1367 2359 1396 2380 c.
1420 2359 1458 2389 ¹7
1479 2361 1485 2380 :

116 2412 345 2458 &zcrificium
365 2412 484 2444 Bonoe
503 2411 597 2443 Deoe
613 2410 666 2455 fit
688 2410 723 2443 ln
748 2422 791 2443 ea
817 2410 948 2450 domo,
971 2420 1054 2454 qnoe
1076 2416 1127 2440 est
1151 2408 1187 2441 in
1217 2407 1390 2453 imperio,
1419 2408 1489 2441 hoc

115 2481 167 2508 est
193 2474 231 2508 in
260 2473 374 2508 domo
402 2471 581 2506 Consulis.
610 2471 741 2512 Pium,
770 2470 880 2511 Cass„
912 2482 941 2503 c.
973 2469 1028 2502 13.

175 2536 323 2569 Urnaln.
351 2534 454 2568 Urna
479 2538 645 2566 veterum
673 2530 846 2577 suffragia
872 2530 1153 2576 colligebantur.
1182 2529 1277 2563 Hine
1297 2529 1403 2573 AE12.,
1424 2544 1484 2565 xi:

117 2597 302 2639 Quoesieor
325 2594 449 2628 Minos
474 2605 604 2626 urnam
626 2599 748 2625 movet.

165 2658 248 2692 CAP.
266 2656 324 2691 VI.
340 2655 404 2690 Sol
419 2655 611 2701 deficerem.
640 2653 787 2699 Olymp.
822 2663 911 2694 117,
934 2652 974 2694 3,
1003 2655 1038 2686 A.
1067 2654 1110 2686 V.
1139 2657 1233 2695 444,
1256 2652 1314 2685 ‹iie
1341 2664 1383 2685 xx·
1411 2656 1481 2685 ⁴⁴hll⁷⁴
