1783 3282
565 265 758 301 LIBRUM
784 266 841 299 lx
867 267 928 301 ET
956 269 1002 302 x.
1393 282 1463 314 ρος

89 354 189 382 tores
203 347 239 381 in
255 347 501 395 Megabysum
512 375 523 391 ,
539 348 800 395 Megahusum,
817 348 1069 396 Magabasum
1076 377 1088 393 ,
1102 352 1357 399 Megabuxum
1368 379 1379 396 ,
1396 360 1463 388 etc.

90 407 280 442 Sinceram
308 408 614 456 orthographiam
635 415 786 456 etymon
811 408 963 444 statuit:
988 410 1221 457 Megabazus
1245 414 1343 448 enim
1367 428 1384 448 a
1413 421 1466 464 με’-

89 486 165 517 γας,
191 480 363 515 magnus,
394 476 429 503 et
449 476 552 516 βάζω,
571 471 724 517 loquor,
746 469 953 515 vaticinor,
979 470 1106 505 oritur.
1128 473 1222 507 Vide
1241 474 1469 509 Pharnaba-

89 541 151 562 zus
161 555 172 571 ,
189 542 211 562 v
222 555 232 572 ,
252 533 285 571 4.

140 589 319 624 Bubares.
356 592 383 625 A
414 595 590 642 βρύςαρας,
613 592 728 626 homo
761 590 990 639 praegrandis
1020 598 1056 626 et
1088 592 1263 637 stolidus,
1296 596 1466 642 superbia

89 648 259 694 inflatus,
278 658 317 685 ut
339 652 518 695 Soebarzte‚
541 666 561 688 a
585 657 732 703 σοεαρός,
751 653 813 700 qui
833 653 1037 689 insolenter
1055 660 1091 689 et
1108 653 1270 690 fastuose
1289 667 1326 690 se
1344 656 1466 693 infert.

570 783 630 817 IN
660 784 892 819 LIBRUM
920 785 991 819 IX.

141 917 223 951 CM».
264 916 331 950 III.
371 915 535 949 Triballi.
569 920 758 965 Τρίβαλλοι,
787 915 925 950 Moesiae
962 916 1148 952 inferioris
1182 918 1313 965 populi
1348 927 1469 966 erant,

89 977 242 1012 testibus
262 977 483 1019 Ptolemaeo,
507 976 629 1011 Plinio
651 983 686 1010 et
713 976 917 1021 Strabone,
942 977 1005 1024 qui
1032 990 1093 1012 eos
1121 978 1209 1013 dicit
1234 979 1281 1014 ad
1312 980 1469 1017 insulam

88 1038 252 1073 Danubii
279 1040 425 1073 Peucen
455 1050 570 1084 usque
604 1038 826 1084 pertingere.
849 1042 1017 1081 Tpfeoeim,
1036 1052 1113 1074 uno
1143 1051 1180 1081 λ,
1204 1042 1302 1079 anud
1324 1044 1469 1081 Polvae-

90 1113 176 1134 num
189 1127 199 1143 ,
221 1101 268 1133 de
285 1099 450 1146 Scythis,
472 1113 515 1143 11,
533 1112 572 1143 7;
591 1100 705 1142 male,
730 1099 760 1133 si
779 1111 907 1134 eorum
930 1113 1068 1135 nomen
1089 1102 1230 1137 oriatur
1248 1115 1266 1136 a
1287 1109 1470 1154 τρίςαλλος,

89 1168 272 1207 nugator,
296 1160 361 1207 qui
385 1160 423 1194 in
452 1160 559 1207 nugis
592 1167 735 1206 tempus
763 1160 869 1205 terit,
894 1161 990 1195 bene
1018 1169 1167 1207 contra,
1199 1163 1229 1198 si
1250 1176 1270 1198 a
1305 1169 1470 1214 τρίὲαλος,

90 1223 205 1265 lacer,
225 1228 348 1265 vetus,
373 1221 534 1264 attritus,
558 1220 712 1263 effaetus,
736 1221 919 1268 originem
940 1222 1072 1257 trahat.

586 1354 646 1387 IN
677 1353 898 1388 LIBRUM
922 1354 967 1389 X.

142 1489 224 1524 CAP.
250 1489 297 1523 ΙΙ.
331 1488 426 1523 Solis
447 1499 531 1521 eam
549 1487 754 1521 sacerdotio
770 1486 964 1534 praefecit.
988 1489 1223 1534 Plutarchus,
1242 1491 1281 1525 in
1302 1491 1377 1526 vita
1396 1494 1471 1527 Ar-

90 1550 271 1592 taxerxis,
287 1561 365 1595 cap.
392 1547 456 1592 43,
479 1560 560 1582 eam
573 1546 719 1591 Dianae,
735 1560 813 1594 quae
832 1548 1029 1583 Ecbatanis
1053 1550 1205 1595 colitur,
1220 1563 1330 1598 quam
1348 1554 1471 1587 Anai—

89 1613 153 1646 a'm
175 1618 331 1653 vocant,
356 1609 586 1644 sacerdotem
610 1609 740 1643 lectam
761 1609 904 1652 scribit,
929 1621 1004 1656 quo
1030 1610 1210 1657 reliquam
1237 1611 1352 1647 vitam
1370 1619 1472 1648 tran-

90 1674 226 1719 sigeret
251 1678 386 1706 castam
398 1698 408 1714 ,
431 1670 471 1704 id
497 1677 550 1704 est
568 1670 605 1703 in
632 1669 816 1704 coelibatu.
831 1670 988 1714 Strabo,
1007 1671 1071 1705 lib.
1092 1683 1153 1706 ΧΠ
1166 1699 1175 1715 ,
1189 1672 1236 1707 de
1253 1674 1337 1708 Zela
1359 1686 1471 1722 agens

91 1734 204 1776 urbe,
229 1733 319 1767 olim
346 1730 483 1778 insigni
511 1737 547 1765 et
569 1743 669 1765 sacra
691 1744 698 1764 τ
723 1747 737 1761 τι
762 1732 808 1765 Itz
831 1743 897 1774 ea,
922 1731 1058 1778 inquit,
1084 1735 1259 1780 templum
1280 1743 1336 1769 est
1348 1737 1471 1771 Anai—

90 1795 175 1829 tidis
185 1820 197 1837 ‚
222 1806 308 1841 quoe
330 1793 378 1827 ab
396 1792 588 1827 Armeniis
606 1792 740 1825 colitur
751 1805 761 1825 .·
777 1792 846 1826 boc
859 1794 895 1826 in
915 1794 993 1827 loco
1006 1806 1117 1827 sacra
1130 1806 1212 1827 cum
1225 1796 1472 1832 sanctimonia

90 1856 263 1889 maxima
283 1853 573 1888 celebrabantur.
593 1868 607 1883 »
628 1853 753 1887 Venus
773 1865 836 1887 seu
859 1853 979 1888 Diana
999 1855 1148 1888 Anaitis
1173 1855 1303 1890 eadem
1321 1864 1375 1891 est
1396 1858 1470 1905 igi-

91 1923 152 1950 tur
174 1927 214 1949 ac
242 1915 512 1954 Immaculata,
534 1925 552 1947 a
578 1924 697 1959 graeco
720 1918 875 1959 ἀναίτιος,
902 1914 1050 1958 insons,
1077 1915 1263 1950 innoxius.

143 1976 226 2009 CAP.
248 1976 315 2010 111.
348 1974 461 2009 Ocho.
490 1974 566 2017 Qui
592 1981 628 2008 et
657 1974 736 2020 ipsc
760 1976 990 2009 Artaxerxes
1019 1975 1137 2010 dictus
1165 1983 1218 2011 est
1250 1977 1383 2021 Diod.‚
1403 1990 1471 2013 ex—

91 2044 211 2072 tremo
234 2037 334 2071 libro
357 2049 406 2070 xv
428 2049 435 2069 :
460 2035 521 2069 Ab
541 2036 712 2070 eunucho
732 2036 857 2083 Bagoa
881 2049 1028 2071 veneno
1054 2044 1205 2072 necatus
1227 2045 1298 2082 est3
1328 2051 1375 2073 ex
1403 2052 1472 2074 eo·—

92 2099 194 2142 dem,
215 2110 319 2141 xvn,
342 2096 362 2131 5
392 2110 398 2129 :
427 2103 463 2131 et
489 2096 648 2130 cadaver
674 2097 788 2142 ipsius
815 2098 958 2144 Bagoas
984 2097 1117 2132 felibus
1146 2098 1303 2144 objecit,
1329 2106 1363 2134 et
1391 2112 1472 2135 ossa

92 2160 257 2207 quaedam
281 2158 382 2192 illius
405 2157 677 2204 exprobrandae
700 2157 927 2192 crudelitatis
947 2171 1074 2203 causa,
1089 2161 1271 2194 convertit
1285 2160 1322 2194 in
1341 2173 1471 2196 manu-

91 2222 174 2257 bria
199 2220 410 2268 gladiorum
425 2246 434 2261 ‚
453 2218 587 2253 AElian.
603 2245 613 2261 ‚
638 2231 720 2253 var.
743 2219 824 2253 hist.
835 2246 847 2262 ‚
873 2232 935 2262 v1‚
955 2219 988 2253 8.
1017 2221 1139 2255 Oclzus
1165 2228 1200 2255 et
1223 2223 1378 2269 Bagoas
1396 2235 1470 2258 no—

92 2283 193 2318 mine
217 2293 365 2328 quoque
392 2287 653 2326 opponuntur,
673 2280 767 2314 sicut
795 2281 936 2315 Omnes
956 2287 991 2315 et
1016 2282 1255 2329 Otospastes,
1273 2283 1472 2318 Mindarus

93 2352 128 2379 et
163 2343 447 2379 Pharnabazus.
487 2342 611 2378 Ochus
648 2342 747 2376 enim
782 2341 831 2376 ab
857 2349 970 2391 ὁχεύω,
1004 2342 1160 2378 admitto
1198 2343 1472 2389 admissarium,

93 2413 209 2455 ὀχεῖον,
235 2404 510 2448 admissarium,
538 2403 766 2449 jumentum,
795 2403 897 2437 locus
923 2403 987 2437 ubi
1017 2403 1182 2450 jumenta
1211 2405 1474 2450 admittuntur;

93 2475 200 2516 ὀχεῖα,
229 2464 456 2509 admissarii,
482 2471 597 2513 ὁχεῖος,
622 2463 875 2508 admissarius,
901 2465 1031 2511 gallice
1057 2467 1200 2510 e'talon,
1219 2467 1371 2502 sortitur
1397 2479 1471 2502 no—

92 2541 196 2572 men,
212 2529 366 2573 Bagoas
380 2533 509 2561 contra
521 2553 530 2569 ,
544 2526 603 2560 vel
617 2527 798 2573 BagoeuS,
820 2538 838 2560 a
858 2534 947 2571 παῖς,
961 2539 1052 2573 puer
1063 2553 1073 2570 ,
1090 2534 1125 2562 et
1142 2534 1241 2578 γυιάς,
1259 2528 1472 2572 morbidus,

92 2597 225 2641 γυήτῃς,
243 2588 407 2629 mutilus,
426 2594 520 2637 γυιόω
532 2619 539 2631 ‚
562 2587 730 2621 membra
749 2587 900 2633 frango,
914 2587 1010 2622 vires
1030 2588 1130 2623 elido
1143 2615 1152 2632 ,
1166 2601 1327 2633 enerv03
1349 2591 1453 2639 ἅγυως
1465 2621 1472 2635 ‚

98 2658 312 2693 enervatus,
332 2650 422 2683 sicut
437 2648 539 2695 pueri
560 2648 652 2694 regii
675 2648 772 2694 apud
795 2660 864 2682 nos
885 2649 1037 2683 dictiles
1059 2652 1202 2684 enerve&
1216 2651 1262 2684 de
1274 2650 1470 2697 Jmnibges.
