1783 3282
811 523 1085 578 LIBER
1126 524 1230 577 IV.

332 956 364 997 Ι.
404 916 641 999 SICILIAM
673 951 819 994 ferunt
855 951 1046 1010 angustis
1083 949 1305 1009 quondam
1336 949 1535 994 faucibus
1572 951 1706 995 Italiae

332 1031 580 1085 adhaesisse3
597 1030 946 1089 diremptamque
960 1027 1079 1071 velut
1095 1045 1119 1070 a
1140 1044 1341 1088 corpore,
1359 1031 1523 1089 majore
1542 1031 1705 1090 impetu

331 1113 475 1171 superi
500 1112 650 1165 maris,
676 1108 793 1169 quod
830 1118 922 1151 toto
954 1107 1173 1150 undarum
1209 1124 1340 1151 onere
1377 1106 1481 1152 illuc
1516 1110 1703 1153 vehitur.

329 1194 407 1234 Est
430 1201 574 1233 autem
598 1191 689 1250 ipsa
712 1198 829 1231 terra
853 1188 994 1230 tenuis
1021 1203 1070 1230 ac
1094 1186 1286 1247 fragili83
1319 1197 1362 1230 et
1391 1189 1590 1231 cavernis
1613 1189 1707 1247 qui—

329 1269 513 1312 busdam
548 1268 789 1327 fistulisque
827 1268 887 1309 ita
925 1265 1221 1327 penetrabilis,
1263 1276 1310 1309 ut
1351 1276 1585 1310 ventorum
1614 1276 1704 1311 tota

330 1349 464 1392 ferme
481 1348 653 1391 flatibus
683 1356 852 1406 pateat;
874 1362 953 1388 nec
978 1362 1066 1388 non
1086 1354 1128 1387 et
1152 1345 1326 1404 ignibus
1351 1344 1609 1405 generandis
1625 1363 1703 1389 nu-

330 1427 598 1486 triendisque
627 1425 707 1470 soli
732 1427 866 1486 ipsius
889 1423 1099 1470 naturalis
1126 1425 1328 1479 materia,
1359 1426 1521 1485 quippe
1544 1426 1703 1469 intrin-
1735 1430 1739 1432 ’

328 1523 447 1549 secus
482 1516 669 1549 stratum
694 1504 904 1564 sulphure
936 1513 977 1546 et
1009 1504 1224 1546 bitumine
1260 1504 1482 1547 traditur:
1516 1521 1611 1564 quae
1635 1521 1702 1548 res

326 1584 453 1640 facit,
487 1595 537 1628 ut
558 1585 713 1644 spiritu
741 1600 841 1627 cum
866 1583 966 1643 igne
994 1583 1107 1625 inter
1142 1583 1348 1626 interiora
1376 1582 1589 1640 luctante,
1621 1584 1703 1642 fre-

327 1674 511 1723 quenter
533 1673 575 1707 et
594 1662 892 1723 compluribus
913 1661 1018 1705 locis
1049 1679 1165 1705 nunc
1185 1662 1404 1718 flammas,
1430 1680 1549 1706 nunc
1571 1680 1702 1724 vapo-
1725 1660 1732 1672 ⁵

326 1761 440 1797 rem,
471 1760 587 1787 nunc
617 1743 786 1786 sumum
811 1751 990 1785 eructet.
1022 1742 1130 1784 Inde
1160 1741 1347 1801 denique
1373 1744 1511 1786 AEtnae
1539 1744 1701 1787 montis

327 1840 402 1882 per
429 1832 491 1865 tot
514 1821 660 1865 secula
688 1822 815 1864 durat
840 1820 1105 1864 incendium.
1129 1823 1181 1864 Et
1205 1821 1277 1864 ubi
1301 1823 1441 1865 acrior
1465 1839 1541 1883 per
1560 1824 1699 1884 spira-

326 1911 471 1945 menta
513 1917 800 1944 cavernarum
842 1909 996 1942 ventus
1030 1900 1249 1953 incubuit,
1285 1916 1522 1944 arenarum
1563 1901 1700 1946 moles

325 1989 574 2042 egeruntur.
600 1980 854 2022 Proximum
870 1978 1005 2022 Italiae
1023 1981 1376 2038 promontorium
1400 1981 1620 2042 Rhegium
1638 1981 1701 2026 di-

325 2061 458 2114 citur,
495 2059 614 2113 ideo,
650 2059 749 2118 quia
787 2075 921 2118 graece
952 2057 1144 2119 abrupta
1179 2058 1261 2101 hoc
1295 2060 1472 2102 nomine
1498 2077 1699 2120 pronun-

326 2140 499 2182 tiantur.
521 2139 613 2181 Nec
641 2138 800 2180 mirum
824 2138 857 2180 si
883 2136 1077 2180 fabulosa
1104 2146 1166 2180 est
1190 2136 1272 2180 loci
1300 2137 1430 2198 hujus
1448 2140 1702 2199 antiquitas,

325 2220 369 2260 in
392 2234 520 2277 quem
554 2233 621 2259 res
658 2225 719 2259 tot
758 2216 899 2259 coiere
935 2218 1065 2259 mirae.
1104 2217 1302 2260 Primum
1328 2217 1447 2276 quod
1481 2234 1697 2278 nusquam

324 2297 426 2340 alias
452 2307 539 2339 tam
565 2306 734 2339 torrens
759 2296 940 2350 fretum,
966 2312 1044 2339 nec
1075 2295 1215 2339 solum
1245 2297 1377 2339 citato
1408 2297 1600 2356 impetu,
1627 2315 1698 2341 ve-

325 2393 421 2420 rum
460 2376 587 2418 etiam
628 2391 766 2428 saevo,
796 2391 936 2434 neque
962 2375 1285 2434 experientibus
1312 2375 1442 2419 modo
1475 2376 1695 2430 terribile,

324 2471 475 2498 verum
498 2455 627 2496 etiam
653 2453 805 2513 procul
829 2453 1088 2496 videntibus.
1116 2454 1347 2497 Undarum
1368 2470 1500 2514 porro
1519 2456 1633 2498 inter
1652 2472 1696 2499 se

322 2534 679 2578 concurrentium
714 2542 833 2575 tanta
872 2549 1019 2593 pugna
1058 2542 1145 2586 est,
1182 2543 1227 2576 ut
1265 2532 1368 2576 alias
1403 2532 1537 2576 veluti
1577 2543 1696 2595 terga

321 2614 471 2656 dantes
497 2613 541 2654 in
556 2614 691 2654 imum
715 2611 928 2667 desidere,
953 2612 1057 2655 alias
1078 2613 1199 2672 quasi
1221 2614 1417 2658 victrices
1443 2614 1487 2657 in
1510 2613 1694 2656 sublime

321 2693 422 2735 ferri
462 2690 604 2733 videas
631 2708 638 2732 :
670 2708 786 2734 nunc
814 2692 883 2734 hic
910 2692 1129 2734 fremitum
1169 2691 1374 2735 ferventis
1400 2702 1547 2744 aestus,
1581 2709 1694 2735 nunc
