1783 3282
375 282 423 330 98
963 280 1149 316 JUSTINI

374 366 603 406 Persarum
630 363 807 416 Darius,
842 361 1000 404 fiducia
1026 363 1204 415 virium,
1229 360 1288 403 nil
1318 371 1413 403 astu
1441 376 1588 420 agere,
1617 360 1733 402 affir-

374 457 496 484 mans
509 441 611 495 suis,
632 439 845 484 «Occulta
869 438 1047 482 consilia
1071 439 1262 481 victoriae
1275 438 1442 482 furtivae
1458 439 1735 493 convenire3»

375 536 453 563 nec
473 519 640 562 hostem
660 520 781 579 regni
805 518 963 560 finibus
983 532 1150 570 arcere,
1174 516 1248 559 sed
1269 517 1313 558 in
1335 517 1536 559 intimum
1554 533 1736 577 regnum

372 599 593 657 accipere:
621 597 851 657 gloriosius
878 604 998 637 ratus
1029 593 1237 653 repellere
1266 593 1453 649 bellum,
1492 612 1621 654 quam
1649 611 1735 637 non

372 676 611 720 admittere.
648 677 791 719 Prima
824 675 958 734 igitur
980 674 1228 733 congressio
1256 673 1298 714 in
1334 674 1499 732 campis
1529 672 1738 716 Adrastiae

371 755 465 798 fuit.
494 758 544 798 In
581 755 669 797 acie
701 756 931 796 Persarum
964 762 1164 794 sexcenta
1197 749 1330 794 millia
1365 750 1553 794 militum
1584 751 1735 794 fuere:

375 850 468 893 quae
501 851 589 877 non
618 834 763 875 minus
792 841 884 874 arte
912 830 1166 886 Alexandri,
1189 847 1318 890 quam
1347 831 1506 873 virtute
1534 829 1738 872 Macedo-

370 929 476 955 num
497 921 717 971 superata,
742 921 862 970 terga
882 919 1119 952 verterunt.
1138 911 1298 969 Magna
1318 909 1464 967 itaque
1489 907 1625 951 caedes
1642 910 1737 951 Per-

370 1007 513 1034 sarum
540 989 631 1032 fuit.
667 991 733 1032 De
759 988 951 1030 exercitu
979 986 1213 1029 Alexandri
1244 1003 1398 1029 novem
1425 986 1613 1046 pedites,
1638 1002 1737 1029 cen-

372 1078 466 1111 tum
492 1068 646 1127 viginti
674 1067 840 1125 equites
868 1065 1062 1108 cecidere
1088 1081 1096 1107 :
1121 1081 1228 1124 quos
1257 1081 1331 1107 rex
1358 1066 1571 1123 impense,
1593 1064 1646 1107 ad
1673 1081 1739 1107 ce-

371 1154 564 1189 terorum
592 1143 863 1204 exemplum,
892 1144 1096 1187 humatos
1125 1144 1278 1186 statuis
1309 1143 1582 1201 equestribus
1605 1143 1739 1186 dona-

369 1225 451 1279 vit,
480 1224 760 1284 cognatisque
794 1239 944 1265 eorum
977 1222 1272 1265 immunitates
1305 1221 1437 1264 dedit.
1467 1223 1572 1264 Post
1604 1223 1738 1264 victo-

369 1304 479 1346 riam
505 1303 643 1362 major
677 1319 775 1362 pars
800 1302 912 1345 Asiae
942 1301 994 1344 ad
1021 1318 1120 1344 eum
1157 1301 1324 1343 defecit.
1362 1301 1506 1345 Gessit
1541 1310 1583 1343 et
1615 1300 1739 1360 plura

369 1380 481 1424 bella
519 1398 618 1424 cum
649 1380 859 1440 praefectis
893 1381 1036 1434 Darii,
1069 1396 1178 1438 quos
1213 1380 1301 1439 jam
1342 1395 1428 1422 non
1465 1389 1552 1422 tam
1589 1380 1753 1434 armis„

370 1475 500 1519 quam
522 1469 687 1502 terrore
706 1459 893 1501 nominis
918 1459 982 1501 sui
1010 1459 1125 1501 vicit.

431 1541 530 1582 VH.
570 1539 688 1581 Dum
724 1538 814 1579 haec
853 1547 1062 1596 aguntur,
1093 1537 1266 1579 interim
1302 1535 1464 1579 indicio
1494 1537 1653 1596 captivi
1685 1537 1738 1580 ad

371 1634 468 1661 eum
492 1616 705 1670 defertur,
732 1615 908 1658 insidias
938 1616 974 1656 ei
998 1615 1051 1657 ab
1066 1614 1312 1657 Alexandro
1327 1616 1559 1673 Lyncesta,
1579 1631 1737 1675 genero

368 1696 606 1756 Antipatri,
643 1696 715 1754 qui
753 1695 1008 1754 praepositus
1042 1694 1306 1737 Macedoniae
1343 1704 1452 1748 erat,
1478 1696 1633 1754 parari.
1668 1696 1737 1739 Ob

368 1791 499 1834 quam
532 1790 702 1817 causam
740 1775 915 1827 timens,
943 1790 996 1815 ne
1024 1775 1141 1832 quis,
1170 1773 1396 1817 interfecto
1423 1790 1493 1829 eo,
1521 1775 1564 1817 in
1589 1776 1738 1818 Mace-

369 1854 499 1896 donia
524 1863 668 1896 motus
695 1852 903 1905 oriretur,
932 1853 975 1894 in
999 1851 1184 1895 vinculis
1208 1869 1305 1895 eum
1335 1853 1498 1896 habuit.
1523 1855 1627 1896 Post
1649 1854 1738 1897 haec

369 1932 584 1976 Gordium
619 1932 769 1974 urbem
803 1933 931 1990 petit,
959 1947 1053 1990 quae
1083 1932 1222 1990 posita
1254 1941 1318 1974 est
1353 1933 1466 1974 inter
1502 1933 1736 1993 Phrygiam

369 2012 575 2070 majorem
613 2020 655 2053 et
688 2012 931 2053 minorem:
964 2011 1087 2069 cujus
1126 2010 1244 2053 urbis
1276 2010 1498 2069 potiundae
1533 2027 1619 2053 non
1648 2021 1735 2054 tam

367 2099 545 2149 propter
569 2089 759 2149 praedam
784 2089 944 2148 cupido
976 2105 1074 2131 eum
1100 2090 1238 2148 cepit,
1267 2089 1340 2132 sed
1372 2089 1490 2148 quod
1523 2089 1736 2144 audierat,

367 2171 411 2211 in
440 2186 489 2212 ea
514 2170 639 2224 urbe,
667 2170 709 2211 in
737 2167 899 2228 templo
921 2169 1060 2220 Jovis‚
1084 2169 1237 2228 jugum
1267 2167 1450 2227 plaustri
1480 2168 1634 2212 Gordii
1657 2185 1736 2228 po·

367 2247 515 2301 situm3
540 2248 700 2306 «cujus
735 2262 894 2289 nexum
929 2247 962 2288 si
999 2247 1094 2305 quis
1124 2245 1336 2300 solvisset,
1370 2263 1469 2289 eum
1507 2257 1599 2290 tota
1634 2248 1736 2291 Asia

368 2334 703 2385 regnaturumst)
718 2326 895 2383 antiqua
918 2323 1093 2366 oracula
1121 2325 1339 2367 cecinisse.
1362 2326 1502 2384 Hujus
1526 2326 1587 2368 rei
1607 2342 1734 2369 causa

369 2413 409 2445 et
431 2404 552 2463 origo
578 2402 650 2445 illa
672 2403 764 2445 fuit.
785 2402 977 2445 Gordius
999 2418 1133 2461 quum
1162 2404 1205 2444 in
1233 2403 1298 2445 his
1322 2403 1570 2463 regionibus
1593 2404 1732 2447 bobus

367 2481 592 2524 conductis
620 2490 780 2536 araret,
803 2498 901 2524 aves
931 2498 1028 2524 eum
1055 2482 1194 2524 omnis
1226 2483 1395 2541 generis
1417 2481 1730 2526 circumvolare

369 2570 605 2619 coeperunt.
630 2559 854 2603 Profectus
882 2561 935 2603 ad
961 2560 1248 2603 consulendos
1274 2576 1457 2620 augures
1484 2562 1635 2604 vicinae
1658 2578 1730 2604 ur—

367 2638 454 2690 bis,
480 2639 653 2681 obviam
675 2639 718 2681 in
743 2648 869 2698 porta
889 2639 1039 2681 habuit
1068 2640 1283 2699 virginem
1301 2640 1466 2682 eximiae
1484 2638 1729 2699 pulchritu-
