<?xml version="1.0" encoding="UTF-8"?>
<!DOCTYPE html PUBLIC "-//W3C//DTD XHTML 1.0 Transitional//EN"
    "http://www.w3.org/TR/xhtml1/DTD/xhtml1-transitional.dtd">
<html xmlns="http://www.w3.org/1999/xhtml" xml:lang="en" lang="en">
 <head>
  <title>
</title>
<meta http-equiv="Content-Type" content="text/html;charset=utf-8" />
  <meta name='ocr-system' content='tesseract 3.04.00' />
  <meta name='ocr-capabilities' content='ocr_page ocr_carea ocr_par ocr_line ocrx_word'/>
</head>
<body>
  <div class='ocr_page' id='page_1' title='image "./historiarumphili01justuoft_0063.png"; bbox 0 0 1783 3282; ppageno 0'>
   <div class='ocr_carea' id='block_1_1' title="bbox 483 269 1440 315">
    <p class='ocr_par' dir='ltr' id='par_1_1' title="bbox 483 269 1440 315">
     <span class='ocr_line' id='line_1_1' title="bbox 483 269 1440 315; baseline 0.004 -13"><span class='ocrx_word' id='word_1_1' title='bbox 483 269 825 303; x_wconf 71' lang='lat' dir='ltr'><strong>HISTORIARUM</strong></span> <span class='ocrx_word' id='word_1_2' title='bbox 855 271 942 303; x_wconf 80' lang='lat' dir='ltr'>LIB.</span> <span class='ocrx_word' id='word_1_3' title='bbox 970 272 1032 304; x_wconf 87' lang='grc' dir='ltr'><strong>ΙΙΙ.</strong></span> <span class='ocrx_word' id='word_1_4' title='bbox 1394 272 1440 315; x_wconf 72' lang='lat'>45</span> 
     </span>
    </p>
   </div>
   <div class='ocr_carea' id='block_1_2' title="bbox 50 352 1441 2391">
    <p class='ocr_par' dir='ltr' id='par_1_2' title="bbox 50 352 1441 2391">
     <span class='ocr_line' id='line_1_2' title="bbox 75 352 1439 413; baseline 0.003 -14"><span class='ocrx_word' id='word_1_5' title='bbox 75 355 169 399; x_wconf 81' lang='lat' dir='ltr'>silio</span> <span class='ocrx_word' id='word_1_6' title='bbox 199 353 375 398; x_wconf 83' lang='lat' dir='ltr'>Periclis</span> <span class='ocrx_word' id='word_1_7' title='bbox 410 353 551 407; x_wconf 89' lang='lat' dir='ltr'>ducis,</span> <span class='ocrx_word' id='word_1_8' title='bbox 586 352 879 413; x_wconf 77' lang='lat' dir='ltr'>populationis</span> <span class='ocrx_word' id='word_1_9' title='bbox 913 355 1116 413; x_wconf 84' lang='lat' dir='ltr'>injuriam</span> <span class='ocrx_word' id='word_1_10' title='bbox 1153 358 1360 403; x_wconf 82' lang='lat' dir='ltr'>differunt</span> <span class='ocrx_word' id='word_1_11' title='bbox 1396 361 1439 403; x_wconf 86' lang='lat' dir='ltr'>in</span> 
     </span>
     <span class='ocr_line' id='line_1_3' title="bbox 75 432 1439 495; baseline 0.006 -19"><span class='ocrx_word' id='word_1_12' title='bbox 75 445 240 493; x_wconf 89' lang='lat' dir='ltr'>tempus</span> <span class='ocrx_word' id='word_1_13' title='bbox 282 432 483 486; x_wconf 81' lang='lat' dir='ltr'>ultionis3</span> <span class='ocrx_word' id='word_1_14' title='bbox 526 449 839 491; x_wconf 83' lang='lat' dir='ltr'>supervacuam</span> <span class='ocrx_word' id='word_1_15' title='bbox 882 449 1073 492; x_wconf 84' lang='lat' dir='ltr'>pugnam</span> <span class='ocrx_word' id='word_1_16' title='bbox 1120 436 1439 495; x_wconf 73' lang='lat' dir='ltr'>existimantes,</span> 
     </span>
     <span class='ocr_line' id='line_1_4' title="bbox 72 510 1441 572; baseline 0.004 -17"><span class='ocrx_word' id='word_1_17' title='bbox 72 529 206 572; x_wconf 90' lang='lat' dir='ltr'>quum</span> <span class='ocrx_word' id='word_1_18' title='bbox 235 510 382 554; x_wconf 87' lang='lat' dir='ltr'>ulcisci</span> <span class='ocrx_word' id='word_1_19' title='bbox 415 511 583 553; x_wconf 82' lang='lat' dir='ltr'>hostem</span> <span class='ocrx_word' id='word_1_20' title='bbox 613 512 703 554; x_wconf 86' lang='lat' dir='ltr'>sine</span> <span class='ocrx_word' id='word_1_21' title='bbox 731 510 925 571; x_wconf 90' lang='lat' dir='ltr'>periculo</span> <span class='ocrx_word' id='word_1_22' title='bbox 961 522 1149 571; x_wconf 85' lang='lat' dir='ltr'>possent.</span> <span class='ocrx_word' id='word_1_23' title='bbox 1182 515 1350 559; x_wconf 78' lang='lat' dir='ltr'>Deinde</span> <span class='ocrx_word' id='word_1_24' title='bbox 1379 519 1441 561; x_wconf 90' lang='lat' dir='ltr'>in-</span> 
     </span>
     <span class='ocr_line' id='line_1_5' title="bbox 72 589 1438 650; baseline 0.004 -17"><span class='ocrx_word' id='word_1_25' title='bbox 72 590 259 650; x_wconf 88' lang='lat' dir='ltr'>terjectis</span> <span class='ocrx_word' id='word_1_26' title='bbox 283 589 452 644; x_wconf 90' lang='lat' dir='ltr'>diebus,</span> <span class='ocrx_word' id='word_1_27' title='bbox 468 606 597 632; x_wconf 87' lang='lat' dir='ltr'>naves</span> <span class='ocrx_word' id='word_1_28' title='bbox 621 590 945 645; x_wconf 88' lang='lat' dir='ltr'>conscendunt,</span> <span class='ocrx_word' id='word_1_29' title='bbox 968 601 1010 633; x_wconf 90' lang='lat' dir='ltr'>et</span> <span class='ocrx_word' id='word_1_30' title='bbox 1026 590 1133 634; x_wconf 87' lang='lat' dir='ltr'>nihil</span> <span class='ocrx_word' id='word_1_31' title='bbox 1158 594 1438 640; x_wconf 76' lang='lat' dir='ltr'>sentientibus</span> 
     </span>
     <span class='ocr_line' id='line_1_6' title="bbox 69 668 1438 732; baseline 0.003 -20"><span class='ocrx_word' id='word_1_32' title='bbox 69 668 429 723; x_wconf 81' lang='lat' dir='ltr'>Lacedaemoniis,</span> <span class='ocrx_word' id='word_1_33' title='bbox 459 678 590 711; x_wconf 87' lang='lat' dir='ltr'>totam</span> <span class='ocrx_word' id='word_1_34' title='bbox 620 670 820 728; x_wconf 81' lang='lat' dir='ltr'>Spartam</span> <span class='ocrx_word' id='word_1_35' title='bbox 857 669 1188 728; x_wconf 85' lang='lat' dir='ltr'>depraedantur,</span> <span class='ocrx_word' id='word_1_36' title='bbox 1217 670 1438 732; x_wconf 82' lang='lat' dir='ltr'>multoque</span> 
     </span>
     <span class='ocr_line' id='line_1_7' title="bbox 67 747 1440 810; baseline 0.001 -18"><span class='ocrx_word' id='word_1_37' title='bbox 67 749 195 807; x_wconf 89' lang='lat' dir='ltr'>plura</span> <span class='ocrx_word' id='word_1_38' title='bbox 218 747 442 801; x_wconf 88' lang='lat' dir='ltr'>auferunt,</span> <span class='ocrx_word' id='word_1_39' title='bbox 467 764 598 806; x_wconf 87' lang='lat' dir='ltr'>quam</span> <span class='ocrx_word' id='word_1_40' title='bbox 624 747 887 790; x_wconf 87' lang='lat' dir='ltr'>amiserant:</span> <span class='ocrx_word' id='word_1_41' title='bbox 912 764 1088 806; x_wconf 89' lang='lat' dir='ltr'>prorsus</span> <span class='ocrx_word' id='word_1_42' title='bbox 1115 758 1182 803; x_wconf 90' lang='lat' dir='ltr'>ut,</span> <span class='ocrx_word' id='word_1_43' title='bbox 1207 750 1249 791; x_wconf 93' lang='lat' dir='ltr'>in</span> <span class='ocrx_word' id='word_1_44' title='bbox 1267 766 1440 810; x_wconf 86' lang='lat' dir='ltr'>compa-</span> 
     </span>
     <span class='ocr_line' id='line_1_8' title="bbox 67 824 1440 887; baseline 0.004 -20"><span class='ocrx_word' id='word_1_45' title='bbox 67 826 235 868; x_wconf 82' lang='lat' dir='ltr'>ratione</span> <span class='ocrx_word' id='word_1_46' title='bbox 271 824 552 880; x_wconf 87' lang='lat' dir='ltr'>damnorum,</span> <span class='ocrx_word' id='word_1_47' title='bbox 583 824 710 885; x_wconf 82' lang='lat' dir='ltr'>longe</span> <span class='ocrx_word' id='word_1_48' title='bbox 740 824 877 884; x_wconf 90' lang='lat' dir='ltr'>pluris</span> <span class='ocrx_word' id='word_1_49' title='bbox 905 825 1037 869; x_wconf 88' lang='lat' dir='ltr'>fuerit</span> <span class='ocrx_word' id='word_1_50' title='bbox 1066 825 1194 882; x_wconf 87' lang='lat' dir='ltr'>ultio,</span> <span class='ocrx_word' id='word_1_51' title='bbox 1225 844 1354 887; x_wconf 87' lang='lat' dir='ltr'>quam</span> <span class='ocrx_word' id='word_1_52' title='bbox 1379 832 1440 872; x_wconf 90' lang='lat' dir='ltr'>in-</span> 
     </span>
     <span class='ocr_line' id='line_1_9' title="bbox 60 902 1439 965; baseline 0.004 -18"><span class='ocrx_word' id='word_1_53' title='bbox 60 904 188 963; x_wconf 90' lang='lat' dir='ltr'>juria.</span> <span class='ocrx_word' id='word_1_54' title='bbox 222 902 350 948; x_wconf 89' lang='lat' dir='ltr'>Clara</span> <span class='ocrx_word' id='word_1_55' title='bbox 387 904 561 963; x_wconf 91' lang='lat' dir='ltr'>quidem</span> <span class='ocrx_word' id='word_1_56' title='bbox 594 904 684 947; x_wconf 84' lang='lat' dir='ltr'>haec</span> <span class='ocrx_word' id='word_1_57' title='bbox 710 903 888 947; x_wconf 73' lang='lat' dir='ltr'>Periclis</span> <span class='ocrx_word' id='word_1_58' title='bbox 913 905 1130 965; x_wconf 81' lang='lat' dir='ltr'>expeditio</span> <span class='ocrx_word' id='word_1_59' title='bbox 1160 907 1304 951; x_wconf 87' lang='lat' dir='ltr'>habita</span> <span class='ocrx_word' id='word_1_60' title='bbox 1332 926 1341 951; x_wconf 77' lang='grc' dir='ltr'>ε</span> <span class='ocrx_word' id='word_1_61' title='bbox 1365 910 1439 952; x_wconf 87' lang='lat' dir='ltr'>sed</span> 
     </span>
     <span class='ocr_line' id='line_1_10' title="bbox 65 980 1436 1048; baseline 0.004 -23"><span class='ocrx_word' id='word_1_62' title='bbox 65 980 205 1026; x_wconf 89' lang='lat' dir='ltr'>multo</span> <span class='ocrx_word' id='word_1_63' title='bbox 230 982 388 1026; x_wconf 89' lang='lat' dir='ltr'>clarior</span> <span class='ocrx_word' id='word_1_64' title='bbox 413 984 571 1043; x_wconf 86' lang='lat' dir='ltr'>privati</span> <span class='ocrx_word' id='word_1_65' title='bbox 597 983 848 1043; x_wconf 78' lang='lat' dir='ltr'>patrimonii</span> <span class='ocrx_word' id='word_1_66' title='bbox 877 993 1154 1045; x_wconf 89' lang='lat' dir='ltr'>contemptus</span> <span class='ocrx_word' id='word_1_67' title='bbox 1178 986 1272 1030; x_wconf 85' lang='lat' dir='ltr'>fuit.</span> <span class='ocrx_word' id='word_1_68' title='bbox 1299 990 1436 1048; x_wconf 87' lang='lat' dir='ltr'>Hujus</span> 
     </span>
     <span class='ocr_line' id='line_1_11' title="bbox 63 1061 1438 1121; baseline 0.004 -17"><span class='ocrx_word' id='word_1_69' title='bbox 63 1076 211 1120; x_wconf 83' lang='lat' dir='ltr'>agros,</span> <span class='ocrx_word' id='word_1_70' title='bbox 245 1062 288 1104; x_wconf 89' lang='lat' dir='ltr'>in</span> <span class='ocrx_word' id='word_1_71' title='bbox 317 1061 600 1121; x_wconf 83' lang='lat' dir='ltr'>populatione</span> <span class='ocrx_word' id='word_1_72' title='bbox 635 1071 902 1118; x_wconf 87' lang='lat' dir='ltr'>ceterorum,</span> <span class='ocrx_word' id='word_1_73' title='bbox 938 1063 1121 1106; x_wconf 88' lang='lat' dir='ltr'>intactos</span> <span class='ocrx_word' id='word_1_74' title='bbox 1157 1064 1302 1109; x_wconf 89' lang='lat' dir='ltr'>hostes</span> <span class='ocrx_word' id='word_1_75' title='bbox 1340 1066 1438 1110; x_wconf 90' lang='lat' dir='ltr'>reli-</span> 
     </span>
     <span class='ocr_line' id='line_1_12' title="bbox 64 1140 1433 1204; baseline 0.005 -22"><span class='ocrx_word' id='word_1_76' title='bbox 64 1150 270 1199; x_wconf 78' lang='lat' dir='ltr'>querant,</span> <span class='ocrx_word' id='word_1_77' title='bbox 298 1151 517 1200; x_wconf 78' lang='lat' dir='ltr'>sperantes</span> <span class='ocrx_word' id='word_1_78' title='bbox 540 1142 765 1201; x_wconf 84' lang='lat' dir='ltr'>acquirere</span> <span class='ocrx_word' id='word_1_79' title='bbox 789 1158 831 1184; x_wconf 88' lang='lat' dir='ltr'>se</span> <span class='ocrx_word' id='word_1_80' title='bbox 856 1140 916 1184; x_wconf 91' lang='lat' dir='ltr'>illi</span> <span class='ocrx_word' id='word_1_81' title='bbox 942 1159 1066 1201; x_wconf 89' lang='lat' dir='ltr'>posse</span> <span class='ocrx_word' id='word_1_82' title='bbox 1095 1153 1169 1186; x_wconf 89' lang='lat' dir='ltr'>aut</span> <span class='ocrx_word' id='word_1_83' title='bbox 1191 1145 1433 1204; x_wconf 87' lang='lat' dir='ltr'>periculum</span> 
     </span>
     <span class='ocr_line' id='line_1_13' title="bbox 62 1220 1433 1280; baseline 0.005 -19"><span class='ocrx_word' id='word_1_84' title='bbox 62 1234 114 1262; x_wconf 71' lang='lat' dir='ltr'>cx</span> <span class='ocrx_word' id='word_1_85' title='bbox 132 1220 312 1275; x_wconf 89' lang='lat' dir='ltr'>invidia,</span> <span class='ocrx_word' id='word_1_86' title='bbox 336 1231 408 1264; x_wconf 88' lang='lat' dir='ltr'>aut</span> <span class='ocrx_word' id='word_1_87' title='bbox 428 1237 479 1263; x_wconf 82' lang='lat' dir='ltr'>ex</span> <span class='ocrx_word' id='word_1_88' title='bbox 502 1221 745 1280; x_wconf 82' lang='lat' dir='ltr'>suspicione</span> <span class='ocrx_word' id='word_1_89' title='bbox 766 1220 1026 1280; x_wconf 85' lang='lat' dir='ltr'>proditionis</span> <span class='ocrx_word' id='word_1_90' title='bbox 1048 1221 1284 1266; x_wconf 86' lang='lat' dir='ltr'>infamiam.</span> <span class='ocrx_word' id='word_1_91' title='bbox 1304 1226 1433 1280; x_wconf 85' lang='lat' dir='ltr'>Quod</span> 
     </span>
     <span class='ocr_line' id='line_1_14' title="bbox 62 1298 1435 1362; baseline 0.003 -20"><span class='ocrx_word' id='word_1_92' title='bbox 62 1309 162 1342; x_wconf 87' lang='lat' dir='ltr'>ante</span> <span class='ocrx_word' id='word_1_93' title='bbox 184 1301 450 1360; x_wconf 86' lang='lat' dir='ltr'>prospiciens</span> <span class='ocrx_word' id='word_1_94' title='bbox 488 1298 696 1354; x_wconf 86' lang='lat' dir='ltr'>Pericles,</span> <span class='ocrx_word' id='word_1_95' title='bbox 730 1309 772 1342; x_wconf 83' lang='lat' dir='ltr'>et</span> <span class='ocrx_word' id='word_1_96' title='bbox 805 1299 1002 1342; x_wconf 85' lang='lat' dir='ltr'>futurum</span> <span class='ocrx_word' id='word_1_97' title='bbox 1032 1300 1195 1360; x_wconf 89' lang='lat' dir='ltr'>populo</span> <span class='ocrx_word' id='word_1_98' title='bbox 1230 1303 1435 1362; x_wconf 76' lang='lat' dir='ltr'>praedixc-</span> 
     </span>
     <span class='ocr_line' id='line_1_15' title="bbox 62 1377 1432 1441; baseline 0.003 -20"><span class='ocrx_word' id='word_1_99' title='bbox 62 1388 143 1433; x_wconf 86' lang='lat' dir='ltr'>rat,</span> <span class='ocrx_word' id='word_1_100' title='bbox 180 1388 221 1421; x_wconf 89' lang='lat' dir='ltr'>et</span> <span class='ocrx_word' id='word_1_101' title='bbox 255 1379 308 1421; x_wconf 91' lang='lat' dir='ltr'>ad</span> <span class='ocrx_word' id='word_1_102' title='bbox 345 1378 517 1421; x_wconf 84' lang='lat' dir='ltr'>invidiae</span> <span class='ocrx_word' id='word_1_103' title='bbox 553 1379 766 1438; x_wconf 87' lang='lat' dir='ltr'>impetum</span> <span class='ocrx_word' id='word_1_104' title='bbox 800 1377 1127 1435; x_wconf 88' lang='lat' dir='ltr'>declinandum,</span> <span class='ocrx_word' id='word_1_105' title='bbox 1163 1397 1288 1441; x_wconf 85' lang='lat' dir='ltr'>agros</span> <span class='ocrx_word' id='word_1_106' title='bbox 1320 1383 1432 1441; x_wconf 84' lang='lat' dir='ltr'>ipsos</span> 
     </span>
     <span class='ocr_line' id='line_1_16' title="bbox 60 1457 1430 1519; baseline 0.004 -20"><span class='ocrx_word' id='word_1_107' title='bbox 60 1457 175 1500; x_wconf 89' lang='lat' dir='ltr'>dono</span> <span class='ocrx_word' id='word_1_108' title='bbox 213 1457 464 1517; x_wconf 69' lang='lat' dir='ltr'>reipublicae</span> <span class='ocrx_word' id='word_1_109' title='bbox 501 1457 711 1501; x_wconf 84' lang='lat' dir='ltr'>dederat:</span> <span class='ocrx_word' id='word_1_110' title='bbox 751 1466 880 1516; x_wconf 86' lang='lat' dir='ltr'>atque</span> <span class='ocrx_word' id='word_1_111' title='bbox 915 1458 998 1513; x_wconf 89' lang='lat' dir='ltr'>ita,</span> <span class='ocrx_word' id='word_1_112' title='bbox 1035 1458 1151 1501; x_wconf 89' lang='lat' dir='ltr'>unde</span> <span class='ocrx_word' id='word_1_113' title='bbox 1188 1460 1430 1519; x_wconf 84' lang='lat' dir='ltr'>periculum</span> 
     </span>
     <span class='ocr_line' id='line_1_17' title="bbox 59 1535 1431 1596; baseline 0.002 -17"><span class='ocrx_word' id='word_1_114' title='bbox 59 1537 285 1595; x_wconf 82' lang='lat' dir='ltr'>quaesitum</span> <span class='ocrx_word' id='word_1_115' title='bbox 306 1537 470 1591; x_wconf 86' lang='lat' dir='ltr'>fuerat,</span> <span class='ocrx_word' id='word_1_116' title='bbox 485 1537 544 1580; x_wconf 93' lang='lat' dir='ltr'>ibi</span> <span class='ocrx_word' id='word_1_117' title='bbox 568 1537 802 1579; x_wconf 84' lang='lat' dir='ltr'>maximam</span> <span class='ocrx_word' id='word_1_118' title='bbox 820 1535 1003 1596; x_wconf 84' lang='lat' dir='ltr'>gloriam</span> <span class='ocrx_word' id='word_1_119' title='bbox 1025 1539 1203 1581; x_wconf 90' lang='lat' dir='ltr'>invenit.</span> <span class='ocrx_word' id='word_1_120' title='bbox 1220 1541 1318 1582; x_wconf 85' lang='lat' dir='ltr'>Post</span> <span class='ocrx_word' id='word_1_121' title='bbox 1341 1540 1431 1582; x_wconf 66' lang='lat' dir='ltr'>hfec</span> 
     </span>
     <span class='ocr_line' id='line_1_18' title="bbox 59 1615 1431 1676; baseline 0.003 -19"><span class='ocrx_word' id='word_1_122' title='bbox 59 1617 292 1676; x_wconf 84' lang='lat' dir='ltr'>interjectis</span> <span class='ocrx_word' id='word_1_123' title='bbox 304 1616 475 1672; x_wconf 86' lang='lat' dir='ltr'>diebus,</span> <span class='ocrx_word' id='word_1_124' title='bbox 496 1615 638 1659; x_wconf 85' lang='lat' dir='ltr'>navali</span> <span class='ocrx_word' id='word_1_125' title='bbox 657 1615 809 1675; x_wconf 86' lang='lat' dir='ltr'>proelio</span> <span class='ocrx_word' id='word_1_126' title='bbox 832 1616 1088 1659; x_wconf 85' lang='lat' dir='ltr'>dimicatum</span> <span class='ocrx_word' id='word_1_127' title='bbox 1112 1626 1173 1659; x_wconf 87' lang='lat' dir='ltr'>est</span> <span class='ocrx_word' id='word_1_128' title='bbox 1196 1634 1203 1659; x_wconf 76' lang='grc' dir='ltr'>ε</span> <span class='ocrx_word' id='word_1_129' title='bbox 1231 1619 1334 1661; x_wconf 86' lang='lat' dir='ltr'>victi</span> <span class='ocrx_word' id='word_1_130' title='bbox 1351 1621 1431 1661; x_wconf 86' lang='lat' dir='ltr'>La-</span> 
     </span>
     <span class='ocr_line' id='line_1_19' title="bbox 57 1695 1427 1757; baseline 0.002 -19"><span class='ocrx_word' id='word_1_131' title='bbox 57 1695 308 1738; x_wconf 74' lang='lat' dir='ltr'>‹·edaen1011ii</span> <span class='ocrx_word' id='word_1_132' title='bbox 345 1696 565 1756; x_wconf 85' lang='lat' dir='ltr'>fugerunt.</span> <span class='ocrx_word' id='word_1_133' title='bbox 600 1698 692 1739; x_wconf 86' lang='lat' dir='ltr'>Nec</span> <span class='ocrx_word' id='word_1_134' title='bbox 721 1706 935 1739; x_wconf 87' lang='lat' dir='ltr'>cessatum</span> <span class='ocrx_word' id='word_1_135' title='bbox 972 1696 1176 1756; x_wconf 82' lang='lat' dir='ltr'>deinceps</span> <span class='ocrx_word' id='word_1_136' title='bbox 1207 1708 1289 1752; x_wconf 79' lang='lat' dir='ltr'>est,</span> <span class='ocrx_word' id='word_1_137' title='bbox 1324 1700 1427 1757; x_wconf 85' lang='lat' dir='ltr'>quin</span> 
     </span>
     <span class='ocr_line' id='line_1_20' title="bbox 55 1774 1427 1835; baseline 0.004 -19"><span class='ocrx_word' id='word_1_138' title='bbox 55 1783 127 1816; x_wconf 78' lang='lat' dir='ltr'>aut</span> <span class='ocrx_word' id='word_1_139' title='bbox 162 1784 295 1829; x_wconf 88' lang='lat' dir='ltr'>terra,</span> <span class='ocrx_word' id='word_1_140' title='bbox 324 1784 399 1818; x_wconf 89' lang='lat' dir='ltr'>aut</span> <span class='ocrx_word' id='word_1_141' title='bbox 422 1777 549 1830; x_wconf 86' lang='lat' dir='ltr'>mari,</span> <span class='ocrx_word' id='word_1_142' title='bbox 578 1776 695 1818; x_wconf 86' lang='lat' dir='ltr'>varia</span> <span class='ocrx_word' id='word_1_143' title='bbox 725 1774 978 1834; x_wconf 87' lang='lat' dir='ltr'>proeliorum</span> <span class='ocrx_word' id='word_1_144' title='bbox 1005 1775 1213 1835; x_wconf 66' lang='lat' dir='ltr'>fortuna,</span> <span class='ocrx_word' id='word_1_145' title='bbox 1243 1778 1427 1821; x_wconf 85' lang='lat' dir='ltr'>invicem</span> 
     </span>
     <span class='ocr_line' id='line_1_21' title="bbox 54 1853 1428 1915; baseline 0.004 -20"><span class='ocrx_word' id='word_1_146' title='bbox 54 1870 97 1895; x_wconf 81' lang='lat' dir='ltr'>sc</span> <span class='ocrx_word' id='word_1_147' title='bbox 121 1853 405 1897; x_wconf 84' lang='lat' dir='ltr'>trucidarent.</span> <span class='ocrx_word' id='word_1_148' title='bbox 437 1855 639 1914; x_wconf 88' lang='lat' dir='ltr'>Denique</span> <span class='ocrx_word' id='word_1_149' title='bbox 665 1854 761 1897; x_wconf 67' lang='lat' dir='ltr'>fissi</span> <span class='ocrx_word' id='word_1_150' title='bbox 790 1864 855 1897; x_wconf 88' lang='lat' dir='ltr'>tot</span> <span class='ocrx_word' id='word_1_151' title='bbox 875 1853 1017 1909; x_wconf 83' lang='lat' dir='ltr'>malis,</span> <span class='ocrx_word' id='word_1_152' title='bbox 1048 1872 1198 1915; x_wconf 84' lang='lat' dir='ltr'>pacem</span> <span class='ocrx_word' id='word_1_153' title='bbox 1223 1857 1264 1899; x_wconf 91' lang='lat' dir='ltr'>in</span> <span class='ocrx_word' id='word_1_154' title='bbox 1293 1874 1428 1900; x_wconf 89' lang='lat' dir='ltr'>annos</span> 
     </span>
     <span class='ocr_line' id='line_1_22' title="bbox 54 1933 1428 1993; baseline 0.002 -17"><span class='ocrx_word' id='word_1_155' title='bbox 54 1933 370 1993; x_wconf 85' lang='lat' dir='ltr'>quinquaginta</span> <span class='ocrx_word' id='word_1_156' title='bbox 401 1933 560 1988; x_wconf 89' lang='lat' dir='ltr'>fecere,</span> <span class='ocrx_word' id='word_1_157' title='bbox 586 1950 714 1993; x_wconf 88' lang='lat' dir='ltr'>quam</span> <span class='ocrx_word' id='word_1_158' title='bbox 746 1950 832 1976; x_wconf 90' lang='lat' dir='ltr'>non</span> <span class='ocrx_word' id='word_1_159' title='bbox 872 1935 951 1976; x_wconf 86' lang='lat' dir='ltr'>uisi</span> <span class='ocrx_word' id='word_1_160' title='bbox 983 1951 1055 1978; x_wconf 81' lang='lat' dir='ltr'>sex</span> <span class='ocrx_word' id='word_1_161' title='bbox 1083 1936 1205 1978; x_wconf 87' lang='lat' dir='ltr'>annis</span> <span class='ocrx_word' id='word_1_162' title='bbox 1236 1952 1428 1979; x_wconf 78' lang='lat' dir='ltr'>servave-</span> 
     </span>
     <span class='ocr_line' id='line_1_23' title="bbox 53 2012 1426 2072; baseline 0.003 -18"><span class='ocrx_word' id='word_1_163' title='bbox 53 2022 169 2055; x_wconf 84' lang='lat' dir='ltr'>runt.</span> <span class='ocrx_word' id='word_1_164' title='bbox 196 2013 310 2056; x_wconf 87' lang='lat' dir='ltr'>Nam</span> <span class='ocrx_word' id='word_1_165' title='bbox 335 2012 550 2067; x_wconf 85' lang='lat' dir='ltr'>inducias,</span> <span class='ocrx_word' id='word_1_166' title='bbox 574 2029 681 2072; x_wconf 89' lang='lat' dir='ltr'>quas</span> <span class='ocrx_word' id='word_1_167' title='bbox 704 2014 884 2072; x_wconf 89' lang='lat' dir='ltr'>proprio</span> <span class='ocrx_word' id='word_1_168' title='bbox 909 2014 1086 2056; x_wconf 89' lang='lat' dir='ltr'>nomine</span> <span class='ocrx_word' id='word_1_169' title='bbox 1117 2014 1426 2070; x_wconf 78' lang='lat' dir='ltr'>condixerant,</span> 
     </span>
     <span class='ocr_line' id='line_1_24' title="bbox 52 2092 1425 2152; baseline 0.002 -18"><span class='ocrx_word' id='word_1_170' title='bbox 52 2108 103 2134; x_wconf 68' lang='lat' dir='ltr'>cx</span> <span class='ocrx_word' id='word_1_171' title='bbox 136 2092 353 2135; x_wconf 89' lang='lat' dir='ltr'>sociorum</span> <span class='ocrx_word' id='word_1_172' title='bbox 391 2108 575 2152; x_wconf 87' lang='lat' dir='ltr'>persona</span> <span class='ocrx_word' id='word_1_173' title='bbox 611 2092 873 2152; x_wconf 81' lang='lat' dir='ltr'>rumpebant</span> <span class='ocrx_word' id='word_1_174' title='bbox 904 2109 911 2135; x_wconf 93' lang='lat'>:</span> <span class='ocrx_word' id='word_1_175' title='bbox 938 2093 1100 2152; x_wconf 89' lang='lat' dir='ltr'>quippe</span> <span class='ocrx_word' id='word_1_176' title='bbox 1130 2094 1252 2152; x_wconf 87' lang='lat' dir='ltr'>quasi</span> <span class='ocrx_word' id='word_1_177' title='bbox 1282 2095 1425 2137; x_wconf 89' lang='lat' dir='ltr'>miuus</span> 
     </span>
     <span class='ocr_line' id='line_1_25' title="bbox 53 2171 1425 2232; baseline 0.002 -19"><span class='ocrx_word' id='word_1_178' title='bbox 53 2171 232 2230; x_wconf 83' lang='lat' dir='ltr'>perjurii</span> <span class='ocrx_word' id='word_1_179' title='bbox 266 2172 597 2226; x_wconf 84' lang='lat' dir='ltr'>contraherent,</span> <span class='ocrx_word' id='word_1_180' title='bbox 627 2172 660 2214; x_wconf 89' lang='lat' dir='ltr'>si</span> <span class='ocrx_word' id='word_1_181' title='bbox 693 2171 880 2215; x_wconf 85' lang='lat' dir='ltr'>ferentes</span> <span class='ocrx_word' id='word_1_182' title='bbox 912 2172 1038 2214; x_wconf 90' lang='lat' dir='ltr'>sociis</span> <span class='ocrx_word' id='word_1_183' title='bbox 1072 2171 1251 2227; x_wconf 80' lang='lat' dir='ltr'>auxilia,</span> <span class='ocrx_word' id='word_1_184' title='bbox 1280 2175 1425 2232; x_wconf 84' lang='lat' dir='ltr'>potius</span> 
     </span>
     <span class='ocr_line' id='line_1_26' title="bbox 51 2250 1423 2311; baseline 0.002 -19"><span class='ocrx_word' id='word_1_185' title='bbox 51 2266 181 2309; x_wconf 79' lang='lat' dir='ltr'>quani</span> <span class='ocrx_word' id='word_1_186' title='bbox 209 2250 243 2293; x_wconf 88' lang='lat' dir='ltr'>si</span> <span class='ocrx_word' id='word_1_187' title='bbox 271 2251 351 2310; x_wconf 87' lang='lat' dir='ltr'>ipsi</span> <span class='ocrx_word' id='word_1_188' title='bbox 375 2261 525 2311; x_wconf 87' lang='lat' dir='ltr'>aperto</span> <span class='ocrx_word' id='word_1_189' title='bbox 557 2250 709 2311; x_wconf 81' lang='lat' dir='ltr'>proelio</span> <span class='ocrx_word' id='word_1_190' title='bbox 731 2251 1022 2294; x_wconf 87' lang='lat' dir='ltr'>dimicassent.</span> <span class='ocrx_word' id='word_1_191' title='bbox 1049 2252 1162 2294; x_wconf 85' lang='lat' dir='ltr'>Hinc</span> <span class='ocrx_word' id='word_1_192' title='bbox 1192 2250 1354 2295; x_wconf 85' lang='lat' dir='ltr'>bellum</span> <span class='ocrx_word' id='word_1_193' title='bbox 1380 2254 1423 2296; x_wconf 89' lang='lat' dir='ltr'>in</span> 
     </span>
     <span class='ocr_line' id='line_1_27' title="bbox 50 2328 1425 2391; baseline 0.002 -20"><span class='ocrx_word' id='word_1_194' title='bbox 50 2328 240 2372; x_wconf 86' lang='lat' dir='ltr'>Siciliam</span> <span class='ocrx_word' id='word_1_195' title='bbox 273 2329 530 2374; x_wconf 88' lang='lat' dir='ltr'>translatum</span> <span class='ocrx_word' id='word_1_196' title='bbox 555 2348 563 2374; x_wconf 93' lang='lat'>:</span> <span class='ocrx_word' id='word_1_197' title='bbox 591 2331 708 2391; x_wconf 90' lang='lat' dir='ltr'>quod</span> <span class='ocrx_word' id='word_1_198' title='bbox 738 2332 991 2391; x_wconf 87' lang='lat' dir='ltr'>priusquam</span> <span class='ocrx_word' id='word_1_199' title='bbox 1016 2347 1186 2390; x_wconf 83' lang='lat' dir='ltr'>expono</span> <span class='ocrx_word' id='word_1_200' title='bbox 1203 2370 1214 2386; x_wconf 85' lang='lat'>‚</span> <span class='ocrx_word' id='word_1_201' title='bbox 1243 2331 1294 2375; x_wconf 87' lang='lat' dir='ltr'>de</span> <span class='ocrx_word' id='word_1_202' title='bbox 1321 2333 1425 2375; x_wconf 89' lang='lat' dir='ltr'>Sici-</span> 
     </span>
    </p>
   </div>
   <div class='ocr_carea' id='block_1_3' title="bbox 49 2407 720 2468">
    <p class='ocr_par' dir='ltr' id='par_1_3' title="bbox 49 2407 720 2468">
     <span class='ocr_line' id='line_1_28' title="bbox 49 2407 720 2468; baseline 0.01 -18"><span class='ocrx_word' id='word_1_203' title='bbox 49 2407 111 2451; x_wconf 61' lang='lat' dir='ltr'>liae</span> <span class='ocrx_word' id='word_1_204' title='bbox 130 2409 213 2452; x_wconf 90' lang='lat' dir='ltr'>situ</span> <span class='ocrx_word' id='word_1_205' title='bbox 246 2425 382 2468; x_wconf 87' lang='lat' dir='ltr'>pauca</span> <span class='ocrx_word' id='word_1_206' title='bbox 407 2410 586 2454; x_wconf 78' lang='lat' dir='ltr'>dicenda</span> <span class='ocrx_word' id='word_1_207' title='bbox 608 2425 720 2457; x_wconf 82' lang='lat' dir='ltr'>suut.</span> 
     </span>
    </p>
   </div>
  </div>
 </body>
</html>
