1783 3282
311 223 382 259 160
895 220 1083 255 JUSTINI

309 321 408 367 pars
428 301 618 346 militum
643 302 733 363 ejus
756 319 880 357 caesa;
908 303 1204 362 majoremque
1223 301 1404 362 gloriam
1428 302 1520 361 ejus
1540 301 1675 344 victo-

310 385 401 432 riae,
425 398 556 442 quam
577 379 769 424 laetitiam
785 381 950 424 habuit.
974 380 1115 438 Hujus
1134 395 1291 439 pugnae
1308 389 1511 423 eventum
1528 377 1676 423 multae

309 463 503 504 civitates
530 470 684 504 secutae
712 460 880 519 Pyrrho
913 474 956 501 se
985 456 1177 500 tradunt.
1210 460 1330 500 Inter
1359 468 1521 501 ceteras
1549 457 1676 499 etiam

310 541 458 594 Locri,
484 539 657 600 prodito
685 537 883 598 praesidio
909 552 1116 589 romano,
1139 534 1193 577 ad
1217 535 1437 595 Pyrrhum
1456 535 1677 578 deficiunt.

309 620 374 662 Ex
396 635 444 661 ea
465 618 608 678 praeda
632 616 824 676 Pyrrhus
849 630 900 658 cc
929 615 1123 674 captivos
1153 612 1311 656 milites
1333 616 1518 657 Romam
1546 613 1678 673 gratis

309 698 493 751 remisit,
526 706 598 749 ut,
631 695 806 754 cognita
826 694 986 736 virtute
1009 693 1126 752 ejus,
1154 692 1342 735 Romani
1371 701 1680 751 cognoscerent

311 776 441 819 etiam
463 773 779 817 liberalitatem.
798 771 1040 831 Interjectis
1067 770 1222 813 deinde
1253 770 1422 825 diebus,
1447 785 1584 829 quum
1610 785 1680 811 so·

312 856 478 898 ciorum
493 854 703 897 exercitus
721 852 1057 911 supervenisset,
1081 852 1235 893 iterato
1254 849 1457 910 proelium
1478 865 1576 892 cum
1593 851 1679 892 Ro-

312 933 450 976 manis
472 932 592 985 facit,
619 933 662 973 in
687 947 773 990 quo
802 946 880 989 par
909 929 1085 972 fortuna
1109 930 1245 989 priori
1269 927 1382 972 bello
1409 929 1504 972 fuit.

376 1014 431 1055 Π.
468 1013 638 1054 Interea
664 1011 817 1069 Mago,
844 1008 932 1051 dux
954 1009 1379 1068 Carthaginiensium
1405 1009 1448 1050 in
1475 1006 1682 1051 auxilium

314 1094 613 1134 Romanorum
647 1105 743 1131 cum
775 1104 865 1132 cxx
899 1087 1082 1130 navibus
1121 1088 1277 1130 missus
1318 1097 1514 1130 senatum
1553 1087 1684 1139 adiit,

316 1172 478 1230 «AEgre
512 1167 660 1212 tulisse
691 1167 1071 1227 Carthaginienses
1102 1166 1342 1222 affirmans,
1372 1166 1489 1226 quod
1523 1165 1684 1210 bellum

316 1251 361 1292 in
387 1247 513 1293 Italia
542 1264 565 1290 a
590 1248 818 1307 peregrino
846 1262 944 1307 rege
981 1256 1259 1305 paterentur:
1279 1245 1334 1289 ob
1357 1261 1488 1305 quam
1511 1261 1684 1289 causam

317 1329 494 1371 missum
526 1343 587 1382 se,
619 1336 685 1381 ut,
715 1326 921 1385 quoniam
952 1335 1130 1368 externo
1158 1325 1283 1368 hoste
1305 1334 1684 1385 oppugnarentur,

317 1407 503 1450 externis
524 1404 693 1448 auxiliis
716 1406 1021 1464 juvarentur.»
1050 1405 1212 1447 Gratiae
1238 1420 1260 1446 a
1285 1414 1436 1447 senatu
1457 1403 1686 1463 Carthagi—
1747 1408 1750 1409 ⁷

318 1486 539 1530 niensibus
566 1494 698 1537 actae,
730 1483 977 1542 auxiliaque
1009 1484 1199 1526 remissa.
1231 1482 1312 1526 Sed
1341 1485 1492 1543 Mago,
1526 1482 1687 1542 punico

319 1565 514 1623 ingenio,
540 1572 639 1622 post
664 1579 825 1622 paucos
848 1562 935 1605 dies
964 1563 1139 1617 tacitus,
1167 1563 1288 1622 quasi
1307 1561 1557 1622 pacificator
1581 1563 1689 1604 Car-

318 1642 676 1702 thaginiensium,
693 1641 911 1701 Pyrrhum
939 1641 1048 1696 adit,
1070 1640 1371 1701 speculaturus
1399 1639 1578 1684 consilia
1598 1642 1689 1701 ejus

319 1721 370 1765 de
396 1720 561 1775 Sicilia,
596 1737 682 1780 quo
707 1737 806 1763 eum
837 1721 1034 1764 arcessiri
1064 1720 1178 1763 fama
1206 1731 1309 1763 erat.
1338 1722 1453 1764 Nam
1480 1721 1690 1765 Romanis

319 1800 467 1844 eadem
493 1816 622 1842 causa
652 1798 851 1841 mittendi
881 1798 1029 1842 auxilii
1067 1799 1502 1859 Carthaginiensibus
1531 1799 1689 1856 fuerat,

320 1890 369 1922 ut
404 1895 587 1922 romano
621 1877 755 1932 bello,
797 1894 850 1920 ne
887 1879 930 1920 iu
969 1876 1158 1921 Siciliam
1189 1880 1374 1921 transire
1409 1888 1554 1938 posset
1585 1880 1691 1938 Pyr—

322 1959 448 2011 rhus,
471 1959 515 2000 in
537 1955 662 2000 Italia
691 1956 968 1999 detineretur.
990 1959 1107 2000 Dum
1127 1957 1217 2000 haec
1244 1967 1449 2017 aguntur,
1478 1956 1644 2017 legatus
1668 1974 1691 2000 a

322 2047 472 2081 senatu
499 2053 681 2080 romano
716 2036 937 2079 Fabricius
963 2036 1178 2079 Luscinus
1206 2037 1385 2093 missus,
1412 2053 1564 2096 pacem
1592 2053 1690 2079 cum

323 2116 488 2177 Pyrrho
513 2115 767 2174 composuit.
798 2114 865 2158 Ad
889 2131 1020 2173 quam
1050 2114 1393 2158 confirmandam
1424 2116 1581 2159 Cineas
1606 2117 1692 2158 Ro-

322 2212 435 2238 mam
458 2211 557 2238 cum
582 2193 830 2254 ingentibus
858 2210 882 2236 a
908 2193 1076 2253 Pyrrho
1103 2193 1227 2236 donis
1251 2194 1425 2249 missus,
1449 2195 1666 2238 neminem
1682 2229 1692 2248 ,

323 2275 446 2333 cujus
462 2273 617 2316 doinus
643 2274 898 2315 muneribus
926 2283 1114 2332 pateret,
1132 2274 1310 2316 invenit.
1334 2274 1446 2317 Huic
1466 2275 1692 2317 continen-

324 2354 391 2395 ziae
418 2355 720 2396 Romanorum
751 2350 887 2394 simile
913 2350 1154 2410 exemplum
1187 2351 1337 2395 iisdem
1367 2352 1499 2395 ferme
1530 2363 1694 2412 tempo-

326 2432 444 2473 ribus
463 2431 558 2473 fuit.
580 2431 693 2473 Nam
715 2430 833 2472 missi
859 2446 883 2471 a
911 2440 1063 2472 senatu
1085 2431 1129 2472 in
1151 2431 1386 2491 AEgyptum
1407 2429 1539 2492 legati
1559 2448 1692 2491 quum

325 2511 515 2570 ingentia
543 2509 623 2551 sibi
643 2526 666 2552 a
687 2507 919 2552 Ptolemaeo
942 2525 1042 2569 rege
1060 2510 1190 2553 missa
1209 2526 1389 2553 munera
1411 2511 1692 2570 sprevissent,

326 2589 558 2649 interjectis
574 2588 746 2643 diebus,
763 2587 815 2630 ad
831 2605 994 2630 coenam
1013 2588 1205 2632 invitatis
1222 2605 1361 2632 aureae
1375 2606 1543 2632 coronae
1556 2590 1694 2632 missae
