1783 3282
326 240 374 275 60
914 239 1099 276 JUSTINI

326 341 368 368 se
403 323 498 366 ideo
532 336 651 366 arma
683 324 866 383 cepisse,
890 334 937 367 ut
975 324 1119 384 aliqua
1150 324 1272 366 victis
1308 322 1494 377 adimat,
1533 323 1605 366 sed
1643 335 1690 367 ut

327 403 527 463 adempta
551 403 748 446 restituat
770 420 778 446 :
803 404 980 464 triginta
1003 419 1045 446 se
1068 403 1273 459 dominis,
1304 419 1392 445 non
1415 403 1579 446 civitati
1602 403 1691 446 bel-

326 481 418 525 lum
449 481 620 525 inferre.
643 502 663 523 »
692 482 910 526 Admonet
936 480 1092 524 deinde
1119 482 1411 541 cognationis,
1434 480 1599 541 legum,
1623 498 1689 524 sa-

327 577 500 605 crorum
526 563 852 615 communium;
881 570 974 604 tum
996 560 1154 602 vetusti
1180 576 1257 619 per
1280 569 1344 603 tot
1371 559 1485 604 bella
1509 561 1689 604 commi—

326 639 406 684 litii
435 658 444 683 τ
472 650 589 696 orat,
622 659 642 680 «
664 640 955 683 Misereantur
987 636 1184 681 exsulum
1218 639 1402 694 civium,
1436 640 1470 682 si
1497 648 1584 683 tam
1616 655 1693 699 pa-

327 720 485 762 tienter
526 719 607 779 ipsi
641 718 829 762 serviant
858 733 867 760 ε
897 716 1082 760 reddant
1118 717 1199 760 sibi
1238 717 1449 776 patriam,
1480 719 1695 778 accipiant

327 796 594 841 libertatem!
615 817 635 839 »
663 798 739 840 His
764 796 942 840 vocibus
975 805 1143 839 tantum
1174 805 1424 855 promotum
1447 806 1530 852 est,
1554 806 1604 839 ut
1629 813 1695 840 re-

326 893 473 921 versus
505 878 550 920 in
580 878 733 921 urbem
770 876 1002 930 exereitus,
1030 876 1210 934 triginta
1245 887 1449 934 tyrannos
1484 876 1695 936 emigrare

326 954 531 999 Eleusina
561 955 760 1015 juberet,
796 954 1038 997 substitutis
1070 953 1236 1007 decem,
1270 953 1344 1012 qui
1381 953 1694 1013 rempublicam

328 1046 527 1096 regerent
553 1053 561 1078 :
586 1036 687 1094 qui,
711 1032 819 1076 nihil
847 1031 1044 1092 exemplo
1073 1033 1230 1092 prioris
1266 1032 1575 1077 dominationis
1612 1043 1696 1077 ter-

326 1114 419 1168 riti,
446 1114 627 1157 eandem
660 1114 775 1157 viam
804 1111 1070 1156 crudelitatis
1104 1113 1291 1172 aggressi
1321 1122 1433 1155 sunt.
1458 1114 1577 1156 Dum
1606 1113 1695 1157 haec

327 1202 531 1253 aguntur,
561 1193 789 1236 nuntiatur
823 1191 1153 1245 Lacedaemone,
1183 1189 1347 1234 bellum
1371 1191 1553 1235 Athenis
1575 1208 1695 1235 exar-

327 1273 454 1327 sisse3
478 1272 532 1315 ad
562 1271 679 1331 quod
700 1270 1079 1331 comprimendum
1107 1271 1340 1314 Pausanias
1368 1286 1443 1313 rex
1470 1271 1661 1314 mittitur
1687 1289 1694 1313 z

328 1351 422 1410 qui,
445 1350 740 1394 misericordia
757 1349 913 1393 exsulis
933 1347 1085 1409 populi
1101 1359 1342 1409 permotus,
1366 1349 1553 1408 patriam
1571 1349 1696 1392 mise-

328 1431 386 1472 ris
417 1430 582 1473 civibus
615 1430 821 1483 restituit,
848 1438 889 1472 et
923 1429 1068 1472 decem
1101 1438 1309 1487 tyrannos
1345 1444 1394 1470 ex
1431 1428 1536 1471 urbe
1566 1427 1696 1471 Eleu·
1728 1416 1731 1417 ⁷

329 1510 422 1552 sina
452 1509 638 1569 migrare
667 1508 722 1551 ad
755 1517 918 1551 ceteros
941 1508 1078 1567 jubet.
1104 1507 1275 1563 Quibus
1301 1507 1430 1550 rebus
1456 1523 1589 1566 quum
1615 1524 1697 1566 pax

329 1595 489 1630 statuta
530 1596 666 1640 esset,
701 1587 937 1645 interjectis
972 1586 1141 1639 diebus,
1178 1595 1356 1646 repente
1398 1587 1570 1645 tyranni
1609 1603 1696 1629 non

329 1666 471 1708 minus
497 1666 719 1708 restitutos
747 1663 936 1719 exsules,
959 1681 1090 1724 quam
1118 1680 1161 1707 se
1194 1665 1238 1706 in
1268 1664 1465 1707 exsilium
1492 1674 1610 1708 actos
1634 1666 1699 1707 in-

329 1744 577 1804 dignantes,
606 1744 727 1803 quasi
757 1760 859 1786 vero
893 1742 1079 1786 aliorum
1112 1742 1287 1786 libertas
1315 1760 1390 1786 sua
1422 1744 1604 1787 servitus
1637 1761 1699 1787 es-

329 1832 413 1876 set,
434 1821 599 1865 bellum
622 1822 958 1865 Atheniensibus
982 1821 1175 1865 inferunt
1201 1839 1209 1864 :
1237 1821 1310 1865 sed
1333 1822 1387 1864 ad
1408 1821 1672 1882 colloquium
1687 1858 1698 1876 ,

329 1901 463 1945 veluti
498 1901 841 1944 dominationem
871 1901 1113 1961 recepturi,
1139 1901 1376 1961 progressi,
1413 1918 1490 1960 per
1523 1902 1698 1944 insidias

330 1980 655 2039 comprehensi,
689 1989 737 2022 ut
772 1980 886 2039 pacis
923 1980 1107 2023 victimae
1140 1979 1415 2022 trucidantur
1449 1996 1457 2021 ε
1493 1979 1698 2039 populus,

330 2075 458 2119 quem
491 2060 703 2120 emigrare
734 2059 977 2118 jusserant,
1010 2059 1053 2101 in
1089 2057 1241 2100 urbem
1279 2067 1519 2100 revocatur.
1556 2061 1699 2118 Atque

331 2139 388 2181 ita
416 2154 494 2198 per
522 2137 658 2181 multa
689 2137 883 2181 membra
923 2138 1072 2180 civitas
1107 2137 1335 2196 dissipata,
1361 2138 1404 2179 in
1443 2153 1578 2179 unum
1608 2148 1700 2180 tan-

330 2216 428 2260 dem
449 2233 607 2277 corpus
637 2216 868 2277 redigitur;
893 2225 956 2270 et,
979 2233 1032 2259 ne
1061 2232 1146 2275 qua
1169 2215 1375 2258 dissensio
1399 2232 1449 2258 cx
1473 2225 1572 2258 ante
1595 2218 1698 2259 actis

331 2305 592 2350 nasceretur,
616 2312 765 2339 omnes
784 2294 1069 2355 jurejurando
1093 2295 1439 2354 obstringuntur,
1463 2294 1698 2338 discordia-

332 2391 427 2418 rum
451 2373 716 2418 oblivionem
735 2374 839 2417 fore.
860 2376 1032 2417 Interea
1052 2373 1248 2416 Thebani
1263 2373 1568 2433 Corinthiique
1588 2373 1699 2434 lega-

331 2465 396 2497 tos
424 2454 478 2497 ad
504 2454 855 2498 Lacedaemonios
880 2454 1085 2507 mittunt,
1107 2454 1180 2512 qui
1208 2469 1259 2495 ex
1291 2453 1506 2496 manubiis
1535 2454 1698 2512 portio-

332 2550 430 2576 nem
464 2533 614 2593 praedae
644 2534 886 2576 communis
917 2531 1016 2575 belli
1050 2531 1317 2591 periculique
1348 2541 1556 2591 peterent.
1588 2533 1698 2587 Qui-

331 2613 408 2656 bus
441 2613 625 2672 negatis,
651 2628 738 2654 non
769 2611 944 2671 quidcm
970 2621 1116 2670 aperte
1142 2610 1303 2653 bellum
1332 2610 1535 2654 adversus
1567 2613 1697 2653 Lace-
