1783 3282
137 267 145 278 ι
150 267 163 278 ι
169 266 322 279 υνυνινιννν
328 266 353 277 ἢ
358 265 446 277 xxxxv!
452 263 1076 278 uwwwwvthwvxuvvxmwnwwvmvwvxvvw
1081 266 1089 277 x
1094 266 1135 277 xxx
1141 263 1384 278 Ἃυνννννιιιῑνὶιῑὶ
1390 261 1439 273 *vu

572 471 831 526 LIBER
874 471 939 525 X.

69 903 100 944 I.
135 865 448 953 ARTAXERXI,
490 898 579 957 regi
618 899 871 953 Persarum,
909 914 960 940 ex
997 896 1224 956 pellicibus
1254 913 1334 942 cxv
1361 899 1436 942 filii

68 978 206 1033 fuere,
223 976 297 1020 sed
316 987 402 1020 tres
417 986 589 1020 tantum
604 976 722 1036 justo
744 977 1024 1019 matrimonio
1041 977 1244 1037 suscepti,
1261 979 1436 1032 Darius,

70 1056 350 1111 Ariarathes,
377 1066 420 1099 et
453 1056 615 1099 Ochus.
653 1058 717 1099 Ex
755 1055 820 1098 his
860 1056 1043 1099 Darium
1080 1066 1234 1099 contra
1269 1074 1433 1101 morem

69 1138 317 1190 Persarum,
343 1134 457 1194 apud
482 1151 589 1194 quos
623 1151 697 1177 rex
726 1151 813 1177 non
843 1135 924 1176 nisi
952 1145 1091 1178 morte
1116 1145 1334 1191 mutatur,
1358 1153 1436 1196 per

69 1213 384 1274 indulgentiam
407 1224 529 1273 pater
552 1229 697 1273 regem
720 1213 844 1255 vivus
867 1212 985 1268 fecit,
1011 1213 1119 1257 nihil
1139 1215 1220 1256 sibi
1242 1214 1434 1258 ablatum

69 1293 337 1347 existimans,
365 1292 483 1350 quod
505 1293 549 1334 in
566 1291 704 1334 filium
726 1291 1000 1347 contulisset,
1020 1293 1315 1351 sinceriusque
1337 1310 1435 1353 gau-

69 1371 189 1413 dium
214 1387 263 1413 ex
299 1371 602 1430 procreatione
640 1379 867 1430 capturus,
904 1370 938 1413 si
979 1370 1163 1429 insignia
1200 1373 1435 1431 majestatis

67 1465 152 1492 suae
179 1450 301 1492 vivus
327 1450 370 1491 in
400 1448 490 1492 filio
518 1450 822 1509 conspexisset.
861 1449 946 1493 Sed
977 1451 1157 1505 Darius,
1187 1461 1285 1510 post
1324 1468 1435 1495 nova

67 1538 256 1588 paternae
285 1529 456 1588 pietatis
479 1528 697 1588 exempla,
725 1528 1014 1571 interficiendi
1044 1530 1178 1588 patris
1204 1529 1432 1573 consilium

66 1608 180 1667 cepit
206 1624 214 1649 ε
241 1606 491 1663 sceleratus,
516 1608 551 1650 si
581 1607 697 1651 solus
719 1607 1002 1667 parricidium
1030 1608 1284 1667 cogitasset3
1313 1618 1433 1652 tanto

67 1686 332 1742 sceleratior,
347 1687 464 1746 quod
480 1689 522 1730 in
548 1688 798 1730 societatem
816 1687 1020 1730 facinoris
1044 1698 1287 1748 assumptos
1310 1690 1433 1747 quin-

66 1767 273 1827 quaginta
295 1766 448 1809 fratres
471 1766 575 1810 fecit
601 1766 852 1826 parricidas.
879 1768 1053 1810 Ostenti
1080 1783 1257 1827 prorsus
1279 1785 1432 1828 genus,

67 1845 140 1888 ubi
163 1846 206 1887 in
235 1855 357 1888 tanto
380 1845 544 1905 populo
568 1862 655 1888 non
678 1844 819 1888 solum
842 1846 1018 1902 sociari,
1047 1863 1199 1889 verum
1225 1849 1354 1890 etiam
1382 1850 1434 1892 si-

65 1923 143 1966 leri
167 1924 449 1984 parricidium
471 1925 634 1984 potuit;
651 1934 701 1967 ut
725 1941 775 1967 ex
801 1925 1116 1985 quinquaginta
1141 1925 1286 1970 liberis
1308 1944 1434 1971 nemo

65 2004 266 2046 inventus
291 2004 370 2059 sit,
396 2020 526 2063 quem
559 2013 632 2046 aut
655 2013 835 2063 paterna
858 2004 1083 2063 majestas,
1113 2015 1189 2048 aut
1213 2009 1434 2051 veneratio

66 2082 201 2137 senis,
228 2093 303 2126 aut
334 2082 607 2143 indulgentia
638 2084 792 2143 patris,
816 2100 839 2126 a
865 2093 986 2127 tanta
1016 2084 1286 2128 immanitate
1309 2102 1433 2129 revo-

66 2171 195 2204 caret.
234 2162 410 2205 Adeone
442 2162 525 2205 vile
564 2172 794 2222 paternum
827 2179 987 2206 nomen
1015 2163 1131 2222 apud
1160 2173 1225 2207 tot
1251 2181 1433 2208 numero

64 2239 174 2283 filios
201 2240 301 2294 fuit,
336 2251 401 2297 ut,
439 2258 627 2300 quorum
668 2241 867 2301 praesidio
906 2251 1027 2285 tutus
1061 2243 1190 2286 etiam
1229 2242 1432 2287 adversus

64 2320 208 2362 hostes
236 2336 326 2363 esse
358 2320 585 2376 debuerat,
611 2337 762 2363 eorum
788 2320 953 2364 insidiis
987 2322 1334 2378 circumventus,
1367 2333 1432 2366 tu·

65 2401 149 2442 tior
172 2399 226 2441 ab
250 2399 464 2453 hostibus,
490 2416 620 2459 quam
646 2416 670 2442 a
691 2399 788 2443 filiis
817 2400 970 2444 fuerit?

127 2481 184 2522 II.
221 2479 363 2521 Causa
402 2478 624 2537 parricidii
663 2478 910 2523 sceleratior
944 2481 1036 2540 ipso
1074 2481 1309 2541 parricidio
1338 2482 1430 2526 fuit.

65 2560 224 2601 Occiso
254 2559 414 2617 quippe
440 2559 557 2617 Cyro
585 2558 776 2601 fraterno
801 2559 934 2612 bello,
958 2561 1082 2620 cujus
1105 2562 1268 2605 mentio
1303 2579 1431 2621 supra

65 2637 211 2680 habita
245 2646 326 2690 cst,
358 2637 602 2695 Aspasiam,
632 2636 827 2696 pellicem
856 2639 972 2696 ejus,
999 2657 1070 2683 rex
1105 2642 1358 2683 Artaxerxes
1390 2643 1429 2683 in
