1783 3282
590 261 780 296 LIBRUM
811 262 894 296 XX.
1359 276 1377 297 2
1384 262 1429 297 213

58 353 324 390 commentum,
338 345 528 380 credentes
539 344 576 379 id
591 343 769 378 divinitus
778 343 960 386 accidere,
974 345 1162 391 Psaphoni
1174 358 1250 381 rem
1267 347 1430 381 divinam

57 409 176 443 facere
187 407 441 450 instituerunt,
455 406 651 452 ipsumque
665 405 702 439 in
718 405 873 439 deorum
887 416 1083 439 numerum
1095 408 1308 442 retulerunt.
1322 407 1432 442 Unde

58 468 299 514 proverbium
323 467 540 515 Psaphonis
566 479 662 502 aves.
689 467 775 501 Hoec
807 465 919 512 igitur
937 466 1118 501 vocabula
1149 467 1334 504 immerito
1365 471 1434 503 Pu„

59 530 140 564 nica
155 535 305 563 censent
323 529 371 563 Is.
385 528 555 571 Vossius,
575 534 611 562 et
630 527 823 562 Alderetus
837 525 1107 570 Cordubensis,
1121 526 1218 562 libro
1232 529 1433 576 Hispanico

59 602 168 636 quem
187 591 234 623 de
256 589 538 636 Antiquitatibus
558 589 770 636 Hl.spatzici.s·
789 587 918 622 edidit.

110 651 175 685 Ea:
192 663 341 685 numero
351 658 559 685 senatorum
570 649 728 694 judices.
751 666 764 680 «
781 649 979 696 Nunquam
995 661 1107 696 penes
1117 648 1260 695 judiees
1274 650 1372 693 illos,
1387 653 1435 686 ait

60 711 113 745 Cl.
138 711 326 755 Lemaire,
351 711 418 745 fuit
440 723 581 745 summa
600 710 765 757 imperii,
792 717 832 744 ut
857 723 970 757 penes
997 710 1139 756 judices
1174 711 1436 755 Hebraeorum3

60 772 123 807 sed
144 785 289 819 semper
307 784 422 818 penes
444 771 602 817 Suffetes
624 778 659 805 et
681 778 866 815 senatum,
886 771 1053 818 quamvis
1080 771 1238 817 Szffetes
1257 772 1438 819 significet

59 835 216 868 ludices.
236 834 350 880 Apud
362 832 684 879 Carthaginienses
699 839 822 866 tamen
835 833 886 866 sic
900 832 1053 879 proprie
1072 832 1293 868 dicebantur
1306 834 1438 868 summi

60 894 310 940 magistratus,
341 894 403 940 qui
422 894 551 927 Romae
583 893 750 927 consules
770 900 890 938 erant;
916 893 942 927 ii
972 906 1053 928 cum
1081 901 1209 928 senatu
1232 894 1440 940 rempubli·‹

61 966 140 989 cam
164 955 355 1002 regebant.
376 955 433 989 Ab
456 955 512 989 his
536 954 731 989 distinctus
754 961 830 989 erat
844 953 1014 999 judicum
1038 954 1133 989 ordo
1152 955 1211 989 hic
1234 955 1439 998 institutus,

61 1017 147 1051 licet
166 1015 328 1063 Suffetes
348 1016 459 1051 etiam
479 1016 708 1059 dicerentur,
722 1022 761 1050 ut
783 1028 829 1050 ex
852 1015 962 1051 Livio
982 1023 1137 1051 constat.
1157 1032 1171 1047 >›
1193 1018 1247 1051 Ita
1266 1017 1339 1052 ille.
1367 1018 1441 1052 Re-

61 1090 147 1111 vera
173 1077 268 1112 nihil
293 1077 424 1112 clarius
450 1084 504 1112 est
530 1090 576 1112 ex
608 1084 747 1124 etymo,
777 1076 936 1123 Snffetes
965 1089 1041 1112 esse
1071 1078 1309 1125 Carthagine,
1339 1078 1441 1125 quod

61 1140 190 1172 Romae
216 1139 385 1173 consules
409 1145 523 1173 erant.
554 1137 716 1184 Suffetes
735 1138 835 1172 enim
861 1145 914 1172 est
938 1151 1012 1173 vox
1039 1150 1154 1185 graeca
1178 1145 1358 1189 συμφήτ-ης,
1378 1140 1440 1186 qui

61 1199 160 1233 idem
180 1199 290 1233 sentit
309 1212 350 1233 ac
371 1200 464 1234 alter
477 1212 487 1243 3
509 1199 683 1233 Consules
697 1211 807 1243 vero,
825 1200 1036 1242 consiliare,
1053 1211 1074 1234 a
1087 1212 1167 1233 cnm
1182 1207 1217 1234 et
1230 1201 1362 1242 salire,
1378 1201 1441 1247 qui

62 1260 169 1294 simul
183 1261 330 1294 saliunt.
346 1260 419 1294 Sed
433 1260 519 1294 vide
539 1267 665 1294 notam
679 1260 718 1293 in
738 1272 817 1306 cap.
836 1272 854 1303 7
875 1260 1073 1294 Annibalis
1087 1261 1125 1295 C.
1141 1260 1306 1306 Nepotis.

528 1387 585 1420 IN
629 1385 846 1420 LIBRUM
891 1387 982 1421 XX.

116 1495 198 1530 CAP.
214 1495 242 1529 I.
261 1495 421 1529 Groecos.
444 1496 588 1541 Magnae
606 1494 755 1529 Graeciae
768 1494 920 1529 incolas.
936 1494 985 1528 Hi
1004 1494 1093 1528 dieti
1112 1507 1189 1529 non
1209 1496 1320 1538 Itali,
1343 1509 1442 1543 quo-

61 1555 177 1590 modo
200 1555 312 1602 prisci
340 1563 376 1590 et
396 1555 563 1602 germani
582 1555 695 1590 Italiae
719 1555 867 1602 populi,
887 1555 950 1589 sed
978 1556 1166 1598 Ιῐαίἰοῐιε,
1193 1557 1295 1602 quod
1323 1566 1444 1592 essent

63 1629 81 1650 e
101 1616 241 1651 Graecia
262 1616 299 1650 in
326 1617 469 1651 Italiam
490 1616 686 1651 adventitii
706 1629 712 1650 :
735 1617 826 1651 sicut
846 1616 1029 1650 Siciliotas
1052 1623 1087 1651 et
1106 1617 1306 1651 Phthiotas
1335 1631 1352 1652 a
1380 1619 1442 1653 Si—

63 1678 152 1712 culis
175 1684 209 1711 et
228 1677 373 1712 Phthiis
399 1677 716 1712 discriminabant.

121 1739 290 1773 Venetos.
329 1739 483 1774 Venetos
515 1751 534 1774 a
574 1739 727 1774 devictis
753 1739 924 1785 Trojanis
951 1746 1053 1773 ortos
1083 1752 1159 1774 esse
1190 1739 1246 1788 (et
1268 1753 1346 1788 quae
1365 1754 1442 1776 non

63 1813 153 1846 gens
178 1800 362 1848 originem
380 1801 468 1835 inde
486 1800 704 1850 mentiturP)
716 1828 724 1843 ,
745 1808 925 1847 captaque
939 1801 1051 1846 Troja
1064 1828 1074 1845 ,
1097 1801 1288 1837 devenisse
1307 1803 1346 1836 in
1365 1805 1442 1838 Ita-

64 1862 171 1905 liam,
194 1862 288 1897 duce
315 1863 526 1906 Antenore,
551 1870 718 1898 auctores
742 1862 910 1909 plerique
937 1875 1018 1896 cum
1043 1870 1172 1897 nostro
1200 1863 1351 1898 tradunt
1374 1878 1380 1897 :
1407 1872 1445 1898 ut

63 1924 154 1958 (lato
174 1923 273 1970 apud
295 1923 478 1967 Plinium,
511 1937 587 1967 111,
611 1936 674 1971 193
702 1923 846 1967 Livius,
871 1936 908 1965 1,
942 1937 981 1967 13
1009 1923 1203 1971 Virgilius,
1237 1925 1385 1972 Georg„
1413 1939 1445 1968 1,

62 1984 137 2026 246
151 1998 160 2028 3
175 1984 284 2019 Silius
302 1984 465 2027 Italicus,
481 1998 579 2028 vui,
603 1985 675 2026 604
695 2012 703 2028 ,
724 1993 791 2019 etc.
816 1985 952 2019 Strabo
968 1992 1106 2029 tamen,
1128 1985 1191 2020 lib.
1214 1999 1273 2029 1v,
1294 1987 1445 2021 eosdem

63 2047 111 2080 ab
131 2046 299 2089 Henetis,
319 2046 447 2081 Galliae
465 2047 631 2094 populis,
652 2046 886 2081 descendisse
912 2047 1147 2081 verisimilius
1175 2053 1288 2094 putat.
1315 2049 1446 2082 Heneti

62 2108 324 2154 Paphlagoniae
349 2108 483 2154 populi
509 2115 632 2152 erant,
666 2108 745 2154 qui,
777 2108 949 2153 Trojanis
987 2109 1179 2155 permixti,
1210 2121 1338 2144 omnes
1369 2122 1444 2143 uno

64 2169 215 2203 nomine
240 2169 415 2215 appellati
435 2176 535 2213 sunt,
555 2182 600 2204 ex
627 2170 748 2204 Livio.
774 2170 866 2205 Inde
891 2170 1076 2204 Homerus
1106 2171 1299 2218 sylvestres
1324 2172 1444 2206 mulos

64 2230 170 2266 educi
184 2230 332 2275 scribit3
351 2230 439 2265 inde
459 2230 634 2265 dicuntur
653 2238 688 2266 et
708 2244 809 2278 equae
829 2232 1037 2266 Henetides.
1059 2232 1187 2266 Veneti
1201 2232 1315 2279 igitur
1333 2233 1445 2267 Italiae

64 2293 111 2327 ab
131 2294 303 2335 Henecis,
328 2292 594 2339 Paphlagoniae
613 2293 763 2340 populis
789 2300 824 2328 et
843 2293 1035 2337 Trojanis,
1062 2293 1213 2327 oriundi
1238 2301 1333 2328 sunt.
1355 2296 1443 2328 Pul-

64 2355 111 2388 sis
137 2354 336 2401 Euganeis,
362 2353 424 2400 qui
448 2353 545 2388 inter
564 2355 675 2401 Alpes
700 2361 734 2389 et
759 2367 860 2389 mare
887 2354 1120 2398 incolebant,
1146 2355 1327 2402 oppidum
1353 2368 1443 2391 con-

65 2415 257 2458 diderunt,
284 2415 386 2461 quod
406 2415 452 2450 de
478 2415 630 2450 nomine
653 2416 789 2450 relictae
816 2416 944 2463 patriae
973 2416 1255 2462 appellaverunt
1280 2418 1442 2462 Trojam.

66 2477 208 2511 Horum
240 2475 344 2523 regio
375 2476 531 2511 Venetia
562 2476 772 2518 dicebatur,
796 2476 1001 2511 ‘Adriatico
1037 2477 1130 2511 mari
1162 2477 1333 2524 proxima
1359 2486 1393 2512 et
1426 2492 1444 2511 a

62 2538 156 2573 Padi
178 2536 340 2572 fluminis
366 2537 469 2572 ostiis
488 2545 573 2584 post
602 2538 746 2572 Istriam
777 2550 891 2585 usque
917 2545 1104 2585 protensa.
1136 2538 1232 2573 Hinc
1258 2539 1444 2578 Lucanus,

64 2600 129 2634 lib.
141 2613 179 2634 1v
196 2613 203 2633 :
222 2600 279 2634 Sic
294 2600 629 2647 Venetistagnante
645 2600 765 2634 Pado.
782 2600 1001 2634 Henecorutn
1014 2600 1126 2647 igitur
1133 2613 1272 2635 nomen
1286 2600 1377 2634 mihi
1390 2600 1444 2633 vi-

66 2661 173 2695 detur
186 2668 307 2696 ortum
321 2661 368 2694 ab
387 2666 476 2706 3220'2,
496 2661 619 2707 pullus
638 2672 683 2695 ex
702 2673 798 2707 equo
817 2667 852 2695 et
870 2661 968 2695 mula
982 2668 1044 2695 aut
1063 2661 1183 2704 asina,
1199 2661 1444 2710 751m0ffi1nulus

316 2738 342 2765 Ι.
1141 2718 1191 2764 15
