1783 3282
329 266 374 287 22
916 252 1103 287 JUSTINI

326 339 511 381 «Genus
533 353 577 380 se
598 336 856 396 Scytharum
878 352 968 379 esse
993 353 1001 378 ε
1027 334 1194 378 cladem
1216 336 1435 391 virorum,
1460 336 1692 378 necessita-

326 425 412 458 tem
439 431 678 471 armorum,
707 413 811 458 belli
839 430 988 457 causas
1018 413 1207 456 ostendit
1236 430 1244 456 :
1274 424 1577 473 assecutasque
1602 417 1691 456 vir-

326 503 417 537 tute
435 527 446 550 ,
468 510 522 537 ne
544 495 760 555 segniores
784 494 888 537 viris
911 492 1092 536 feminas
1114 492 1274 535 habere
1296 493 1465 552 Scythae
1493 493 1691 536 videren-

326 583 447 616 tur.»
468 575 618 617 Motus
656 572 727 616 ille
762 573 1001 616 domestica
1034 570 1190 631 gloria,
1224 573 1360 614 mittit
1395 589 1495 614 cum
1526 573 1691 632 ingenti

324 653 521 711 equitatu
543 652 682 695 filium
702 653 1021 711 Panasagoram
1044 652 1088 693 in
1105 649 1327 693 auxilium.
1354 651 1436 693 Sed
1458 660 1558 693 ante
1581 667 1693 710 proe-

324 730 431 774 lium
455 731 719 775 dissensione
739 740 854 787 orta,
877 731 931 773 ab
954 728 1126 773 auxiliis
1149 729 1346 784 desertae,
1364 728 1479 772 bello
1494 730 1547 772 ab
1563 730 1694 772 Athe-

323 811 544 854 niensibus
567 811 831 863 vincuntur,
859 808 1183 869 receptaculum
1211 818 1356 851 tamen
1384 809 1575 851 habuere
1601 824 1693 851 cas-

325 899 391 932 tra
412 890 627 932 sociorum
646 923 656 944 ,
682 905 869 948 quorum
890 887 1051 931 auxilio
1075 889 1246 931 intactae
1278 888 1330 930 ab
1353 886 1445 931 aliis
1473 888 1691 948 gentibus,

323 969 368 1010 in
389 984 572 1028 regnum
594 977 887 1010 revertuntur.
915 968 1020 1010 Post
1041 966 1299 1026 Orithyam,
1326 966 1599 1010 Penthesilea
1624 984 1692 1010 re-

324 1064 408 1108 gno
435 1049 575 1107 potita
596 1056 677 1102 est,
706 1046 828 1105 cujus
855 1045 1044 1104 Trojano
1069 1043 1183 1087 bello
1207 1046 1319 1087 inter
1346 1045 1602 1089 fortissimos
1629 1047 1693 1088 vi-

322 1142 415 1182 ros,
440 1142 575 1184 quum
597 1123 806 1168 auxilium
825 1123 1031 1167 adversus
1054 1125 1231 1167 Graecos
1254 1123 1408 1179 ferret,
1432 1141 1589 1184 magna
1610 1126 1694 1167 vir-

323 1205 427 1248 tutis
450 1204 709 1248 documenta
728 1204 944 1247 exstitere.
966 1202 1200 1246 Interfecta
1216 1203 1391 1246 demum
1407 1203 1691 1260 Penthesilea,

322 1285 600 1343 exercituque
619 1284 710 1343 ejus
726 1283 978 1342 absumpto,
1002 1298 1168 1342 paucae,
1193 1298 1287 1341 quae
1308 1283 1351 1324 in
1368 1298 1503 1342 regno
1521 1299 1692 1326 reman-

322 1373 486 1419 serant,
515 1380 625 1424 aegre
657 1380 699 1406 se
733 1362 938 1406 adversus
972 1361 1179 1405 finitimos
1213 1361 1519 1418 defendentes,
1555 1379 1691 1422 usque

322 1452 518 1502 tempora
539 1441 772 1487 Alexandri
795 1443 945 1502 Magni
968 1442 1248 1484 duraverunt.
1270 1442 1436 1484 Harum
1460 1442 1691 1501 Minithya,

322 1522 410 1564 sive
424 1520 660 1564 Thalestris
676 1510 842 1581 regina,
855 1521 1089 1564 concubitu
1103 1519 1335 1563 Alexandri
1350 1520 1526 1580 pei-dies
1542 1537 1623 1564 xm
1638 1521 1692 1564 ad

322 1599 514 1643 sobolem
538 1617 589 1643 ex
614 1616 664 1643 eo
688 1600 980 1660 generandam
1005 1600 1206 1655 obtento,
1227 1616 1399 1643 reversa
1419 1601 1463 1642 in
1489 1616 1690 1660 regnum,

320 1679 439 1722 brevi
463 1689 657 1738 tempore
687 1696 786 1721 cum
813 1680 931 1722 omni
956 1681 1230 1722 Amazonum
1255 1680 1431 1722 nomine
1456 1679 1690 1722 intercidit.

383 1761 437 1802 V.
458 1759 627 1818 Scythae
648 1768 794 1801 autem
819 1759 947 1801 tertia
974 1758 1248 1817 expeditione
1271 1760 1433 1813 asiana,
1459 1774 1595 1817 quum
1620 1775 1693 1801 an-

321 1839 386 1881 nis
409 1847 508 1880 octo
537 1854 559 1880 a
586 1837 843 1897 conjugibus
870 1847 911 1880 et
936 1836 1082 1880 liberis
1106 1836 1370 1892 abfuissent,
1403 1836 1546 1881 servili
1577 1837 1692 1881 bello

322 1917 439 1959 domi
459 1917 745 1975 excipiuntur.
763 1917 937 1976 Quippe
960 1916 1165 1976 conjuges
1189 1932 1341 1959 eorum
1365 1915 1494 1976 longa
1518 1934 1693 1977 exspec-

322 1997 484 2039 tatione
507 1997 702 2038 virorum
725 1995 869 2051 fessae,
895 2012 973 2038 nec
994 1995 1083 2055 jam
1108 1996 1244 2038 teneri
1267 1994 1404 2052 bello,
1429 1996 1502 2039 sed
1528 1995 1691 2040 deletos

321 2085 449 2130 ratae,
476 2075 607 2118 servis
630 2075 683 2117 ad
707 2074 948 2118 custodiam
974 2091 1182 2134 pecorum
1206 2074 1368 2118 relictis
1391 2076 1564 2119 nubunt
1584 2094 1592 2119 :
1617 2079 1690 2136 qui

320 2170 514 2197 reversos
544 2170 644 2196 cum
670 2155 851 2196 victoria
881 2154 1098 2210 dominos,
1134 2153 1251 2197 velut
1287 2154 1499 2209 advenas,
1535 2158 1689 2199 armati

321 2233 479 2277 finibus
496 2234 742 2293 prohibent.
758 2234 930 2290 Quibus
947 2250 1082 2293 quum
1099 2235 1215 2277 varia
1232 2236 1416 2278 victoria
1433 2235 1602 2292 fuisset,
1621 2237 1691 2280 ad-

321 2322 554 2355 monentur
582 2313 751 2372 Scythae
781 2322 948 2355 mutare
973 2330 1106 2373 genus
1130 2330 1285 2374 pugnae
1302 2348 1312 2368 ,
1337 2331 1576 2371 memores,
1601 2333 1688 2360 non

321 2407 419 2433 cum
451 2391 666 2445 hostibus,
696 2391 768 2434 sed
797 2408 896 2434 cum
928 2394 1061 2435 servis
1092 2392 1407 2452 proeliandum,
1435 2411 1515 2437 nec
1549 2412 1690 2439 armo-

318 2486 441 2525 rum,
467 2470 540 2513 sed
562 2470 840 2513 dominorum
860 2472 957 2530 jure
980 2472 1216 2516 vincendos
1236 2490 1243 2515 :
1266 2474 1446 2517 verbera
1468 2476 1511 2517 in
1533 2476 1686 2529 aciem,

317 2566 405 2593 non
433 2549 516 2593 tela
546 2550 787 2605 afferenda3
817 2553 1064 2611 omissoque
1087 2552 1220 2607 ferro,
1247 2555 1389 2614 virgas
1419 2571 1467 2597 ac
1495 2553 1685 2614 flagella,

318 2639 547 2689 ceteraque
577 2630 742 2674 servilis
772 2641 910 2674 metus
945 2632 1136 2691 paranda
1165 2634 1466 2677 instrumenta.
1496 2635 1685 2677 Probato
