1783 3282
481 293 827 327 HISTORIARUM
855 295 941 328 Llss.
965 296 1045 328 XII.
1380 308 1391 330 1
1407 309 1450 342 ¹9

147 379 223 419 XI.
256 378 369 419 Hinc
394 375 449 418 ad
478 377 735 419 concionem
748 376 992 419 exercitum
1027 387 1171 431 vocat3
1201 388 1240 420 et
1267 379 1449 437 promit-

83 456 154 508 tit,
169 456 250 498 «Se
270 471 324 498 aes
340 453 532 498 alienum
547 455 743 498 omnium
760 454 936 514 propria
957 454 1152 513 impensa
1168 455 1449 508 soluturum‚>›

83 542 128 575 ut
157 532 347 592 praedam
381 534 644 593 praemiaque
681 534 850 593 integra
886 531 1037 575 domos
1074 532 1226 574 ferant.
1266 535 1449 594 Insignis

80 612 169 654 haec
198 612 497 656 munificentia
523 628 611 655 non
635 627 805 655 summa
830 620 1023 667 tantum,
1053 626 1204 653 verum
1233 612 1362 654 etiam
1398 615 1449 655 ti—

81 689 173 734 tulo
200 692 392 734 muneris
420 691 522 747 fuit,
550 708 628 734 nec
653 708 675 734 a
696 690 965 733 debitoribus
989 690 1148 750 magis,
1166 705 1297 748 quam
1321 706 1344 732 a
1361 708 1451 733 cre.-

81 769 294 813 ditoribus
318 771 482 830 gratius
506 779 710 829 excepta,
734 770 941 829 quoniam
965 769 1160 828 utrisque
1186 770 1352 812 exactio
1376 785 1450 828 pa—

80 849 186 891 riter
211 865 260 891 ac
282 847 439 891 solutio
468 847 658 891 difficilis
689 857 795 891 erat.
821 865 874 890 xx
902 846 1039 890 millia
1067 846 1279 890 talentum
1304 849 1347 890 in
1374 848 1451 891 hos

78 936 275 986 sumptus
287 943 486 987 expensa.
498 928 696 971 Dimissis
711 927 941 982 veteranis,
957 928 1192 970 exercitum
1204 927 1451 986 junioribus

77 1005 262 1066 supplet.
291 1005 375 1049 Sed
398 1007 557 1050 retenti
586 1016 896 1050 veteranorum
916 1005 1150 1049 discessum
1175 1022 1285 1066 aegre
1310 1006 1452 1049 feren—

78 1094 156 1139 tes,
183 1086 435 1129 missionem
459 1096 503 1129 et
525 1087 606 1146 ipsi
631 1085 916 1146 flagitabant:
941 1086 1067 1129 «Nec
1095 1102 1252 1140 annos,
1280 1085 1353 1128 sed
1375 1087 1450 1129 sti-

77 1163 236 1223 pendia
263 1181 339 1208 sua
364 1166 583 1208 numerari
604 1165 849 1225 jubebant:
875 1165 1039 1223 pariter
1066 1165 1110 1207 in
1141 1163 1338 1207 militiam
1362 1164 1449 1208 lec—

79 1254 162 1298 tos,
191 1244 357 1304 pariter
391 1253 661 1287 sacramento
696 1242 805 1286 solvi
841 1259 1013 1302 aequum
1047 1251 1269 1285 censentes
1296 1259 1304 1284 :
1330 1263 1349 1283 »
1373 1260 1450 1287 nec

74 1323 162 1382 jam
188 1322 417 1382 precibus,
442 1322 516 1365 sed
539 1323 739 1365 convicio
767 1321 973 1382 agebant,
992 1321 1194 1381 jubentes
1223 1323 1366 1364 «Eum
1384 1338 1449 1365 so-

77 1401 166 1444 lum
191 1418 290 1444 cum
310 1410 433 1461 patre
453 1418 531 1444 suo
559 1404 802 1445 Hammone
827 1402 938 1443 inire
959 1399 1100 1455 bella,
1129 1409 1344 1459 quatenus
1367 1402 1448 1443 mi-

74 1480 169 1524 lites
192 1497 290 1525 suos
315 1480 518 1524 fastidiat.
541 1500 560 1522 n
584 1483 750 1525 Contra
781 1480 853 1523 ille
886 1497 1003 1523 nunc
1028 1480 1237 1540 castigare
1265 1479 1424 1523 milites
1441 1515 1450 1533 ,

76 1577 195 1605 nunc
217 1560 387 1605 lenibus
411 1561 553 1604 verbis
574 1577 770 1616 monere,
790 1562 892 1605 «Ne
913 1559 1145 1620 gloriosam
1171 1559 1371 1603 militiam
1390 1577 1450 1603 se-

75 1639 312 1684 ditionibus
352 1641 634 1684 infuscarent.
655 1660 674 1681 >³
705 1640 774 1684 Ad
798 1649 1096 1699 postremum,
1133 1655 1269 1698 quum
1306 1639 1449 1681 verbis

74 1719 184 1763 nihil
217 1720 471 1780 proficeret,
500 1719 554 1763 ad
592 1719 892 1779 corripiendos
926 1718 1147 1761 seditionis
1179 1727 1401 1773 auctores,
1428 1736 1449 1758 ιτ

76 1799 283 1843 tribunali
308 1801 352 1842 in
372 1800 628 1843 concionem
653 1808 863 1842 armatam
884 1799 1060 1841 inermis
1086 1798 1177 1857 ipse
1209 1796 1385 1850 desiliit,
1408 1807 1444 1840 et

75 1880 247 1922 nemine
275 1879 558 1938 prohibente,
587 1878 793 1921 tredecim
821 1886 1067 1937 cori'eptOS,
1096 1893 1228 1920 manu
1258 1894 1333 1920 sua
1358 1878 1448 1936 ipse

74 1957 128 2000 ad
154 1956 366 2018 supplicia
390 1958 526 2000 duxit.
543 1959 727 2001 Tantam
752 1957 820 2000 vel
848 1955 931 1999 illis
954 1956 1171 1998 moriendi
1195 1957 1444 2015 patientiam

74 2045 213 2080 metus
252 2038 386 2097 regis,
422 2036 489 2080 vel
530 2037 633 2080 huic
678 2036 878 2097 exigendi
913 2034 1115 2095 supplicii
1160 2036 1445 2078 constantiam

74 2114 304 2176 disciplina
327 2115 527 2160 militaris
550 2116 694 2159 dabat.

136 2196 235 2238 XII.
260 2195 368 2239 Inde
393 2197 626 2256 separatim
652 2195 811 2238 auxilia
832 2197 1063 2237 Persarum
1090 2194 1133 2235 in
1159 2193 1368 2235 concione
1386 2192 1446 2235 ai-

74 2274 280 2334 loquitur.
306 2275 479 2319 Laudat
503 2285 760 2336 perpetuam
788 2272 983 2327 illorum,
1010 2282 1101 2315 tum
1128 2273 1171 2314 in
1197 2288 1260 2327 se,
1284 2281 1375 2314 tum
1404 2273 1445 2314 in

74 2354 282 2414 pristinos
296 2370 417 2414 reges
434 2354 584 2407 fidem3
609 2371 685 2398 sua
703 2355 744 2396 in
771 2353 866 2396 illos
885 2352 1094 2395 beneficia
1113 2360 1446 2401 commemorat3

73 2454 93 2474 «
114 2435 173 2477 Ut
202 2449 426 2491 nunquam
458 2436 580 2492 quasi
611 2435 772 2488 victos,
803 2432 876 2476 sed
910 2432 1042 2475 veluti
1080 2431 1273 2474 victoriae
1306 2431 1444 2473 socios

73 2513 275 2557 habuerit
304 2530 311 2554 :
337 2512 524 2571 denique
547 2530 590 2556 se
617 2514 660 2555 in
691 2512 885 2566 illorum,
910 2529 997 2555 non
1019 2511 1114 2555 illos
1132 2512 1176 2554 in
1203 2511 1342 2571 gentis
1362 2526 1445 2553 sua·

75 2608 241 2635 morem
268 2591 494 2645 transisse3
518 2590 802 2634 affinitatibus
829 2592 1152 2635 connubiorum
1188 2591 1326 2632 victos
1355 2589 1443 2630 vic·

76 2671 240 2715 toribus
279 2671 511 2714 miscuisse.
554 2672 682 2714 Nunc
712 2687 910 2730 quoque,
948 2672 1033 2724 ait,
1073 2669 1314 2713 custodiam
1348 2683 1439 2710 cor-
