1783 3282
473 260 818 294 HISTORIARUM
848 261 935 295 LlB.
965 263 1027 295 xl.
1388 276 1433 311 97

69 342 224 385 toriam
262 341 402 395 bello,
429 358 514 400 quo
543 343 668 384 toties
697 359 720 384 a
756 343 896 385 Persis
931 344 1071 401 petitae
1110 346 1286 389 Graeciae
1321 347 1433 392 ultor

69 418 228 463 electus
257 421 309 462 sit
338 437 346 462 :
381 420 537 479 quibus
569 419 698 480 longa
719 421 807 479 jam
844 421 945 463 satis
983 430 1024 463 et
1056 431 1226 465 matura
1256 425 1437 484 imperia

68 499 319 558 contigisse,
351 515 624 558 quorumque
660 509 829 559 tempus
856 515 945 542 esse
977 501 1092 542 vices
1120 502 1316 560 excipere
1347 520 1437 546 me-

67 574 150 619 lius
179 587 398 621 acturos.»
433 578 514 621 Sed
545 594 623 621 nec
656 579 870 620 exercitus
900 579 990 637 ejus
1022 577 1126 632 alia,
1156 594 1287 638 quam
1323 583 1434 640 regis

65 656 312 699 animorum
341 658 618 716 praesumptio
641 657 718 699 fuit
747 657 936 715 :quippe
956 656 1079 699 obliti
1107 673 1258 700 omnes
1285 659 1433 717 conju-

65 750 168 792 gum
193 734 533 794 liberorumque,
557 745 598 778 et
624 735 871 794 longinquae
895 751 918 777 a
944 735 1074 778 domo
1098 735 1281 791 militiae,
1305 739 1436 796 persi-

65 828 164 855 cum
184 829 360 867 aurum,
376 823 416 856 et
437 814 568 856 totius
583 814 777 856 Orientis
796 814 1021 872 opes,jam
1043 816 1165 872 quasi
1184 830 1306 857 suam
1326 831 1435 875 prae-

63 891 161 933 dam
183 890 416 947 ducebant,
433 908 512 934 nec
536 890 638 934 belli
662 890 1068 951 periculorumque,
1084 892 1158 935 sed
1181 892 1432 937 divitiarum

59 970 364 1012 meminerant.
397 971 544 1027 Quum
586 969 715 1013 delati
754 971 797 1013 in
833 972 1129 1014 continentem
1159 980 1318 1026 essent,
1342 973 1432 1031 pri-

60 1063 157 1090 mus
186 1046 433 1091 Alexander
452 1047 645 1108 jaculum
674 1047 791 1091 velut
822 1050 864 1091 in
895 1048 1095 1092 hostilem
1122 1059 1280 1092 terram
1300 1051 1430 1109 jecit;

57 1137 336 1186 armatusque
368 1128 419 1170 de
447 1129 543 1170 navi
582 1127 839 1187 tripudianti
874 1128 1025 1171 similis
1051 1128 1272 1187 prosiluit,
1300 1139 1430 1189 atque

57 1206 117 1248 ita
140 1206 303 1249 hostias
337 1206 458 1249 caedit
473 1241 483 1261 ,
509 1215 727 1266 precatus,
751 1225 770 1245 «
789 1207 856 1249 Ne
879 1222 922 1248 se
944 1222 1088 1266 regem
1112 1206 1193 1249 illae
1221 1217 1346 1250 terrae
1365 1208 1430 1250 in-

56 1284 152 1327 vitae
180 1285 407 1343 accipiant.
438 1287 523 1327 «In
546 1283 627 1327 Ilio
650 1300 822 1343 quoque
844 1284 896 1326 ad
913 1283 1102 1327 tumulos
1128 1285 1329 1341 heroum,
1354 1287 1426 1345 qui

58 1363 226 1422 trojano
252 1362 366 1406 bello
389 1363 659 1419 ceciderant,
684 1364 943 1422 parentavit.

115 1444 192 1486 VI.
222 1443 330 1485 Inde
357 1443 526 1486 hostem
556 1453 729 1503 petens,
763 1441 922 1486 milites
948 1460 970 1485 a
999 1443 1282 1503 populatione
1314 1446 1426 1489 Asiae

53 1521 297 1580 prohibuit,
321 1521 628 1565 «Parcendum
665 1522 752 1565 suis
788 1521 914 1564 rebus
950 1521 1181 1581 praefatus,
1214 1539 1294 1566 nec
1328 1540 1426 1583 per-

54 1599 195 1643 denda
228 1617 303 1655 ea,
338 1618 433 1661 quae
469 1602 704 1660 possessuri
740 1602 989 1643 venerint.»
1023 1603 1073 1643 In
1102 1603 1293 1645 exercitu
1333 1604 1424 1662 ejus

51 1677 170 1722 fuere
196 1679 391 1738 peditum
428 1697 515 1722 xxx
546 1679 633 1723 duo
665 1678 818 1733 millia,
850 1679 1046 1738 equitum
1076 1689 1264 1738 quatuor
1288 1680 1421 1724 millia

51 1758 301 1818 quingenti,
332 1775 462 1802 naves
492 1769 666 1802 centum
701 1774 864 1801 Lxxxu.
897 1760 989 1800 Hac
1018 1767 1105 1800 tam
1129 1775 1262 1817 parva
1290 1776 1420 1803 manu

52 1837 301 1880 universum
330 1846 545 1880 terrarum
574 1837 722 1880 orbem
752 1845 899 1879 utrum
924 1836 1223 1880 admirabilius
1245 1838 1420 1891 vicerit,

51 1932 105 1958 an
123 1915 299 1976 aggredi
325 1933 453 1959 ausus
477 1916 627 1970 fuerit,
652 1917 865 1959 incertum
886 1925 962 1958 est.
988 1917 1139 1972 Quum
1159 1916 1214 1958 ad
1236 1925 1323 1959 tam
1347 1934 1420 1977 pe-

48 1993 286 2038 riculosum
301 1994 464 2038 bellum
488 1996 726 2039 exercitum
752 1995 935 2055 legeret,
961 2011 1048 2037 non
1066 1995 1248 2054 juvenes
1266 1996 1417 2040 robus-

49 2085 133 2130 tos,
152 2090 233 2117 nec
256 2075 447 2134 primum
474 2076 622 2118 florem
644 2075 798 2130 aetatis,
823 2074 897 2117 sed
921 2083 1144 2117 veteranos
1169 2072 1418 2134 plerosque,

47 2154 178 2196 etiam
206 2154 395 2196 emeritae
427 2152 614 2207 militiae,
642 2155 714 2213 qui
750 2170 847 2196 cum
872 2162 993 2213 patre
1021 2153 1274 2212 patruisque
1304 2152 1418 2196 mili·

47 2241 264 2285 taverant,
280 2232 434 2292 elegit,
453 2243 503 2275 ut
518 2250 604 2276 non
628 2243 715 2276 tam
738 2231 916 2287 milites,
939 2222 1069 2291 quam
1090 2232 1320 2292 magistros
1333 2233 1416 2275 mi—

47 2309 148 2353 litiae
172 2309 331 2353 electos
354 2320 541 2370 putares.
572 2312 761 2355 Ordines
784 2328 957 2371 quoque
980 2328 1108 2354 nemo
1134 2312 1214 2354 nisi
1240 2328 1414 2372 sexage-

46 2390 193 2431 narius
219 2388 450 2444 duxit:i1t,
475 2391 508 2432 si
538 2392 753 2450 principia
780 2400 1020 2433 castrorum
1048 2407 1267 2446 cerneres,
1291 2407 1415 2434 sena-

46 2477 136 2510 tum
162 2477 204 2511 te
229 2466 411 2527 alicujus
440 2469 591 2527 priscae
614 2467 861 2528 reipublicae
889 2469 1035 2512 videre
1062 2469 1238 2512 diceres.
1262 2471 1414 2528 Itaque

46 2562 174 2589 nemo
201 2547 245 2589 in
267 2545 419 2606 proelio
447 2546 613 2606 fugam,
643 2547 717 2589 sed
742 2548 967 2591 victoriam
994 2549 1199 2608 cogitavit
1225 2565 1233 2590 ε
1263 2564 1343 2591 nec
1367 2549 1411 2590 in

47 2625 229 2684 pedibus
263 2625 465 2684 cuiquam
497 2641 610 2684 spes,
644 2624 715 2668 sed
748 2626 790 2667 in
823 2625 992 2669 lacertis
1022 2627 1114 2669 fuit.
1141 2629 1306 2669 Contra
1337 2641 1409 2668 rex

1226 2720 1249 2731 0-

223 2722 251 2750 1.
1230 2732 1245 2764 s
