1783 3282
423 286 777 320 HlsTORIARUM
810 287 899 319 LIB.
929 287 1069 320 XVIII.
1367 287 1434 332 167

67 370 118 411 tis
162 368 337 423 diebus,
362 369 608 411 conscensis
647 368 848 423 navibus,
885 369 1038 409 armati
1079 369 1133 411 ad
1172 370 1319 412 urbem
1364 386 1435 412 ve-

67 448 222 490 niunt:
251 447 309 490 ibi
334 447 435 490 deos
471 449 755 507 hominesque
783 448 953 502 testati,
983 467 1002 486 α
1020 463 1106 488 non
1136 464 1179 489 se
1209 465 1433 508 expugna-

67 536 185 577 tum,
223 525 296 569 sed
328 538 632 587 recuperatum
665 527 851 587 patriam
888 526 1061 580 venire,
1099 535 1434 586 ostensurosque

66 605 232 648 civibus
258 606 364 658 suis,
398 623 483 649 non
517 607 721 650 virtutem
748 607 829 650 sibi
856 606 1001 666 priore
1027 603 1162 661 bello,
1191 604 1265 647 sed
1300 606 1436 649 fortu-

67 701 166 728 nam
209 684 422 741 defuisse,
449 705 468 726 »
517 687 748 746 prohibitis
791 685 1135 739 commeatibus,
1175 684 1434 743 obsessaque

67 764 193 818 urbe,
234 765 276 807 in
310 781 523 808 summam
562 765 904 825 desperationem
945 764 1327 825 Carthaginienses
1361 765 1435 807 ad-

67 842 297 886 duxerunt.
335 845 505 887 Interea
538 843 738 899 Cartalo,
776 843 908 886 Malei
946 843 1103 886 exsulis
1137 842 1260 886 ducis
1294 842 1435 898 filius,

65 938 200 980 quum
225 932 381 981 praeter
405 933 545 966 castra
570 924 701 984 patris
726 940 750 966 a
771 925 906 983 Tyro,
933 940 1020 982 quo
1048 922 1234 966 decimas
1258 922 1434 966 Herculi

66 999 176 1043 ferre
204 1018 253 1044 ex
289 1003 429 1061 praeda
465 1001 703 1058 Siciliensi,
738 1019 867 1062 quam
905 1011 1028 1062 pater
1062 1002 1154 1061 ejus
1186 1011 1382 1062 ceperat,
1414 1019 1436 1045 a

67 1081 498 1142 Carthaginiensibus
527 1083 681 1125 missus
722 1082 885 1138 fuerat,
919 1091 1227 1138 reverteretur,
1260 1083 1436 1125 arcessi-

66 1169 223 1220 tusque
245 1177 269 1204 a
296 1171 417 1221 patre
446 1172 576 1217 esset,
603 1162 757 1222 «prius
785 1160 968 1221 puhlicae
988 1177 1031 1204 se
1052 1160 1275 1221 religionis
1295 1161 1437 1204 officia

67 1249 396 1295 exsecuturum,
421 1257 551 1300 quam
579 1241 756 1301 privatae
782 1241 1010 1300 pietatis,›>
1028 1240 1266 1300 respondit.
1288 1242 1435 1296 Quam

67 1335 157 1361 rem
197 1321 273 1362 etsi
312 1319 490 1380 indigne
517 1320 647 1363 ferret
686 1329 828 1379 pater,
858 1336 946 1362 non
974 1329 1119 1362 tamen
1162 1320 1250 1362 vim
1284 1319 1437 1362 afferre

65 1396 266 1459 religioni
299 1415 429 1442 ausus
462 1409 536 1442 est.
569 1399 812 1459 Interjeetis
850 1399 1004 1442 deinde
1039 1399 1208 1454 diebus,
1235 1398 1437 1452 Cartalo,

66 1478 202 1537 petito
231 1489 476 1522 commeatu
506 1496 530 1522 a
561 1478 752 1539 populo,
785 1495 922 1538 quum
952 1495 1150 1522 reversus
1183 1479 1237 1522 ad
1268 1489 1437 1539 patrem

66 1566 202 1611 esset3
240 1568 506 1617 ornatusque
539 1574 736 1618 purpura
769 1567 811 1600 et
862 1557 1008 1600 infulis
1053 1558 1309 1613 sacerdotii,
1344 1574 1437 1600 om-

66 1635 188 1678 nium
212 1653 255 1680 se
273 1636 410 1681 oculis
429 1638 664 1699 ingereret,
691 1647 796 1679 tunc
816 1637 859 1679 in
882 1647 1095 1680 secretum
1111 1637 1300 1680 abducto
1317 1646 1438 1697 pater

65 1725 125 1758 alt
146 1732 154 1757 :
175 1718 408 1760 «Aususne
423 1733 489 1772 es,
514 1715 870 1759 nefandissimum
891 1726 1043 1776 caput,
1074 1717 1154 1758 ista
1177 1733 1373 1776 purpura
1396 1726 1437 1759 et

65 1811 172 1838 auro
197 1806 401 1852 ornatus,
431 1798 474 1839 in
499 1806 781 1856 conspectum
808 1806 872 1839 tot
902 1797 1160 1839 miserorum
1182 1797 1342 1840 civium
1370 1813 1438 1839 ve·-

65 1875 181 1927 11ire3
223 1885 265 1918 et
306 1886 458 1919 moesta
497 1892 545 1919 ac
585 1876 778 1936 lugentia
820 1886 985 1932 castra,
1034 1876 1438 1919 circumfluentibus

65 1956 220 2013 quielae
259 1953 476 1998 felicitatis
519 1956 788 2015 insignibus,
826 1954 947 1998 velut
988 1954 1335 1998 exsultabundus
1372 1956 1437 1998 in-

64 2033 212 2077 trare?
237 2036 526 2094 Nusquamne
544 2046 586 2079 te
610 2035 704 2079 aliis
724 2037 889 2096 jactare
914 2034 1121 2096 potuisti?
1138 2034 1297 2077 Nullus
1318 2034 1437 2078 locus

65 2115 228 2174 aptior,
254 2131 384 2174 quam
417 2115 564 2158 sordes
598 2116 756 2175 patris,
787 2125 829 2157 et
859 2114 995 2158 exsilii
1022 2113 1204 2157 infelicis
1237 2130 1438 2157 aerumnae

65 2193 269 2238 fuerunt?
291 2195 434 2251 Quid,
458 2194 576 2254 quod
604 2194 735 2254 paulo
764 2204 865 2237 ante
894 2204 1090 2249 vocatus,
1119 2210 1207 2237 non
1239 2194 1336 2237 dico
1368 2211 1439 2254 pa—

64 2284 200 2329 trem,
229 2273 384 2317 ducem
415 2284 530 2317 certe
563 2275 723 2317 civium
760 2284 963 2327 tuorum,
998 2274 1183 2334 superbe
1215 2273 1439 2333 sprevisti?

65 2353 187 2410 Quid
216 2369 349 2412 porro
376 2363 424 2396 tu
450 2354 493 2395 in
521 2369 719 2413 purpura
746 2354 826 2396 ista
853 2354 1113 2412 coronisque
1142 2352 1281 2409 aliud,
1307 2369 1437 2412 quam

67 2433 351 2475 victoriarum
372 2448 565 2475 mearum
583 2432 734 2476 titulos
761 2433 901 2493 geris?
924 2434 1144 2489 Quoniam
1168 2434 1302 2493 igitur
1322 2442 1370 2476 tu
1396 2433 1438 2476 in

68 2522 189 2572 patre
216 2511 323 2554 nihil
349 2513 431 2555 nisi
452 2511 611 2555 exsulis
636 2529 795 2555 nomen
819 2514 1037 2573 agnoscis,
1057 2529 1137 2572 ego
1163 2529 1338 2572 quoque
1360 2514 1439 2555 im-

67 2602 312 2652 peratorem
341 2608 408 2635 me
439 2593 595 2652 magis,
628 2608 758 2651 quam
789 2602 956 2652 patrem
979 2591 1205 2651 judicab03
1233 2602 1439 2635 statuam-

66 2688 150 2731 que
178 2674 221 2714 in
255 2681 295 2714 te
328 2670 594 2731 exemplum,
630 2689 682 2714 ne
716 2672 811 2731 quis
839 2673 1020 2732 posthae
1050 2672 1291 2715 infelicibus
1317 2673 1439 2714 mise-
