1783 3282
273 247 343 300 232
552 267 701 302 NOTAE
726 268 777 301 IN
801 268 989 302 JUSTINI
1014 268 1206 302 LIBRUM
1230 268 1348 302 xxn.

271 348 382 397 gusti,
408 349 497 382 hora
525 349 816 395 postmeridiana
846 350 1027 392 secunda,
1063 350 1208 384 calculis
1243 358 1540 386 astronomorum
1576 364 1635 386 re—

272 409 478 444 centiorum
504 410 797 456 supputantibus.

323 470 478 516 Lapide.
504 469 549 504 Id
568 477 621 505 est
645 471 831 505 milliario.
859 468 1062 514 Lapidihus
1082 469 1181 503 enim
1205 470 1316 513 albis,
1335 483 1425 517 quos
1450 472 1536 506 inde
1557 473 1634 506 leu-

271 543 344 572 coe,
358 530 465 575 albae,
479 531 675 566 subaudito
689 538 720 570 αἱ
733 538 808 569 λίθοι
817 562 824 576 ,
838 536 965 575 petrae,
977 540 1091 576 graece
1104 530 1288 565 vocabant
1299 557 1308 575 ,
1321 537 1460 567 veteres
1468 533 1636 568 milliaria

272 591 523 639 designabant.

323 653 406 687 CAP.
418 653 500 687 VII.
517 652 854 699 Opheltas.1tapro
868 651 1015 698 vulgata
1027 651 1185 686 lectione
1196 651 1544 699 Aphellasrecepit,
1555 660 1639 700 post

272 716 307 748 P.
333 713 584 760 Leopardum,
611 711 785 755 Emend.‚
810 724 918 755 xvn,
941 724 1005 756 10,
1031 712 1194 747 eruditus
1212 713 1257 747 D.
1282 713 1470 758 Lemaire,
1488 726 1533 748 ex
1559 715 1637 749 Ald.

272 781 307 809 et
324 775 422 808 Junt.
439 801 447 816 ‚
472 785 539 807 nec
563 785 639 807 non
655 779 690 806 et
708 773 819 816 Plut.,
839 772 878 806 in
899 774 1079 815 Demetr.,
1101 785 1131 807 c.
1158 772 1222 816 16,
1245 780 1279 807 et
1292 773 1489 817 Pausania,
1511 774 1550 808 in
1567 775 1641 809 Co-

272 834 466 869 rinthiaca'c.
492 832 622 867 Caeteri
642 832 740 866 enim
764 833 910 867 variant
931 833 969 867 in
997 833 1189 879 Affellas,
1217 833 1419 880 ophellas,
1453 834 1638 880 Offellas,

277 894 417 940 Oselas.
442 894 593 928 Vossius
615 900 739 928 tamen
767 901 891 928 censet
920 906 997 928 non
1017 894 1264 929 dubitandum
1295 895 1340 929 de
1360 895 1518 930 lectione
1540 897 1641 931 Bon-

272 956 381 1002 garsii
414 954 598 1003 Ophellas
616 967 627 987 .·
654 966 741 988 nam
759 961 891 1000 praeter
912 954 1043 998 Diod„
1063 967 1134 998 xx,
1156 959 1220 999 41,
1245 955 1303 989 cui
1337 955 1520 1002 Ophellas
1549 957 1643 992 dici-

273 1023 345 1059 tur,
362 1015 412 1050 ita
435 1027 580 1062 quoque
600 1015 741 1049 hahent
760 1014 1055 1062 Theophrastus,
1081 1016 1129 1049 de
1152 1016 1316 1058 Planus,
1344 1028 1404 1059 1v,
1430 1021 1449 1058 l,
1465 1043 1474 1059 ,
1498 1024 1533 1052 et
1565 1020 1641 1053 Po-

273 1078 406 1124 lyaenus
448 1082 557 1122 atque
591 1075 663 1109 alii.
696 1077 790 1110 Rem
815 1076 855 1110 in
885 1075 1010 1110 medio
1042 1076 1217 1123 relinquit
1247 1083 1407 1123 etymon.
1438 1077 1643 1126 Utrumque

273 1137 370 1171 enim
391 1148 527 1171 nomen
547 1135 637 1171 oriri
657 1142 780 1182 potest
807 1136 854 1170 ab
883 1143 1017 1185 ὀφέλλω,
1036 1147 1169 1183 augeO,
1194 1136 1347 1182 adjuvo,
1369 1137 1426 1171 vel
1451 1138 1498 1172 ab
1519 1145 1644 1188 ὀφείλω.

273 1197 412 1241 debeo,
431 1209 513 1231 reus
534 1209 632 1240 sum,
653 1203 824 1246 ὁφελέιτπς,
844 1196 1002 1238 debitor·

324 1258 529 1301 Bomilcar,
557 1271 622 1293 rex
648 1259 852 1293 Poenorum.
873 1264 1055 1309 Βοαμίλκας
1078 1260 1270 1304 Diodoro,
1291 1274 1358 1306 xx,
1384 1274 1447 1305 10,
1474 1261 1536 1308 qui
1561 1273 1646 1295 auc-

274 1320 346 1354 tori
364 1326 492 1354 nostro
513 1319 647 1355 dicitur
662 1320 853 1353 Bomilcar
869 1326 930 1353 aut
949 1320 1157 1364 Vomilcar,
1181 1335 1200 1355 a
1220 1334 1338 1369 graeco
1361 1328 1434 1369 βοή,
1454 1321 1646 1361 auxilium,

275 1388 310 1415 et
334 1382 519 1424 Amilcar,
553 1380 731 1416 auxilium
767 1380 968 1416 Amilcaris.
1003 1381 1362 1429 Carthaginiensium
1396 1383 1504 1418 duces
1538 1383 1645 1418 etiam

275 1443 392 1490 Reges
421 1442 604 1476 dicuntur.
633 1440 827 1476 Hannonis
846 1441 1014 1488 Periplus
1039 1442 1251 1478 inscribitur
1271 1444 1463 1478 Hannonis
1487 1444 1646 1479 Cartha-

273 1503 494 1549 giniensium
512 1501 610 1548 regis
623 1514 637 1543 ,-
664 1508 699 1535 et
720 1502 849 1536 Imilco
860 1529 871 1544 ‚
898 1502 944 1536 de
964 1515 1037 1549 quo
1061 1515 1188 1550 supra,
1208 1517 1296 1547 xxx,
1312 1517 1332 1538 2
1355 1511 1389 1538 et
1412 1504 1431 1538 3
1448 1531 1457 1547 ,
1477 1517 1544 1538 rex
1561 1505 1649 1539 Car-

276 1562 556 1610 thaginiensium
584 1561 740 1605 Orosio,
771 1575 828 1606 lv,
858 1562 898 1606 6,
931 1563 1075 1600 dicitur.
1106 1564 1164 1599 Sic
1190 1566 1227 1599 C.
1258 1565 1407 1610 Nepos,
1432 1565 1471 1598 in
1490 1566 1647 1608 Amzc'b„

277 1636 305 1656 c.
329 1635 347 1666 7
361 1650 370 1665 ,
396 1621 756 1669 Carthaginiensium
777 1624 894 1670 Reges
919 1625 1098 1670 appellat,
1119 1637 1210 1671 quos
1230 1624 1355 1659 Livius
1375 1631 1410 1659 et
1432 1624 1495 1659 alii
1517 1632 1651 1661 vocant

279 1682 447 1729 Suffites.

328 1744 410 1779 Cn».
425 1745 528 1779 VIII.
553 1744 808 1791 Archagatho.
837 1748 865 1778 A
888 1744 1023 1780 Graecis
1043 1746 1143 1780 varie
1175 1746 1400 1793 appellatur,
1427 1747 1492 1782 sed
1519 1748 1652 1782 eodem

278 1818 385 1840 sensu
397 1832 406 1848 ‚
424 1805 609 1855 Ᾱρχοίγαθος
621 1837 629 1851 ,
651 1805 852 1855 Ᾰγσὶθαρχος,
866 1806 912 1840 ab
933 1812 1040 1857 ἀρχάς,
1058 1806 1150 1852 dux,
1168 1808 1342 1856 Princeps
1354 1836 1363 1853 ³
1378 1815 1414 1844 et
1434 1815 1564 1858 ἀγαθός,
1579 1809 1652 1844 for*

281 1867 341 1911 tis,
359 1867 492 1903 bonus.

1046 1935 1240 1971 ELIGIUS
1267 1938 1287 1971 J
1290 1937 1573 1972 OHANNEAU.
