1783 3282
283 261 389 275 §annm
394 262 517 274 mkurw
521 262 1018 275 mmmmmwwvmnm
1023 262 1081 273 §aaa
1084 262 1143 273 ιννι
1147 261 1208 274 mmm
1212 262 1240 273 ιν
1243 258 1397 273 ννιι-ΛΝΨἏ
1403 260 1461 272 νυνι
1465 261 1523 273 υννπ
1528 260 1556 272 ιι
1559 260 1585 271 ιι
1588 257 1655 272 Ovum.

702 477 960 532 LIBER
1020 475 1231 532 XXII.

277 897 308 938 Ι.
331 857 684 950 ΑΟΑΤΗοοιΕε,
738 893 894 938 Siciliae
943 904 1176 954 tyrannus,
1232 896 1305 955 qui
1357 893 1653 955 magnitudini

276 974 434 1034 prioris
459 973 660 1033 Dionysii
687 973 918 1029 successit,
948 973 1003 1016 ad
1036 975 1161 1034 regni
1197 975 1466 1034 majestatem
1494 991 1546 1018 ex
1572 974 1655 1016 hu-

278 1053 367 1096 mili
394 1063 433 1096 et
463 1052 641 1096 sordido
669 1069 827 1113 genere
845 1053 1055 1113 pervenit.
1079 1054 1260 1114 Quippe
1284 1054 1329 1096 in
1356 1052 1505 1097 Sicilia
1525 1063 1650 1113 patre

278 1131 410 1192 figulo
434 1142 588 1188 natus,
614 1149 703 1176 non
729 1132 1025 1176 honestiorem
1050 1133 1305 1193 pueritiam⁷
1331 1149 1463 1192 quam
1490 1133 1654 1193 princi-

275 1213 348 1272 pia
385 1212 593 1272 originis,
628 1212 800 1267 habuit,
838 1212 1053 1271 siquidem
1080 1211 1222 1256 forma
1255 1222 1297 1256 et
1326 1213 1522 1273 eorporis
1557 1211 1655 1273 pul—

275 1289 527 1334 chritudine
569 1291 788 1352 egregius,
829 1290 904 1335 diu
938 1292 1072 1335 vitam
1112 1293 1253 1352 stupri
1291 1293 1501 1353 patientia
1535 1293 1656 1336 exhi—

277 1371 384 1414 buit.
428 1372 582 1414 Annos
618 1370 774 1414 deinde
809 1371 1051 1431 pubertatis
1095 1388 1315 1432 egressus,
1362 1371 1590 1416 libidinem
1631 1390 1653 1415 a

276 1451 381 1494 viris
418 1449 473 1493 ad
513 1450 696 1493 feminas
734 1450 972 1494 transtulit.
1004 1454 1107 1495 Post
1140 1452 1231 1495 haec
1267 1451 1384 1511 apud
1421 1461 1656 1512 utrumque

279 1546 430 1573 sexum
445 1529 637 1572 famosus
652 1530 785 1573 vitam
800 1528 1042 1574 latrociniis
1063 1532 1262 1574 mutavit.
1285 1532 1524 1591 Interjecto
1544 1541 1656 1575 tem-

277 1625 403 1669 pore,
429 1624 565 1667 quum
593 1610 826 1668 Syracusas
840 1610 1145 1666 concessisset,
1171 1610 1450 1671 adscitusque
1479 1612 1524 1654 in
1556 1612 1657 1655 civi-

276 1697 413 1732 tatem
429 1689 542 1732 inter
559 1687 724 1732 incolas
749 1698 883 1744 esset,
905 1689 980 1732 diu
1004 1690 1096 1732 sine
1116 1689 1199 1732 fide
1219 1690 1324 1746 fuit,
1341 1691 1550 1751 quoniam
1574 1708 1654 1735 nec

282 1770 326 1812 in
352 1768 537 1811 fortunis
561 1767 680 1827 quod
706 1770 947 1824 amitteret,
974 1785 1052 1813 nec
1085 1770 1130 1813 in
1154 1770 1418 1814 verecundia
1444 1771 1563 1831 quod
1587 1772 1654 1815 in-

279 1849 506 1907 quinaret,
532 1848 693 1891 habere
717 1848 947 1892 videbatur
974 1866 982 1892 :
1014 1850 1058 1892 in
1084 1866 1280 1906 summa,
1310 1852 1555 1911 gregariam
1577 1853 1656 1894 mi-

279 1926 417 1970 litiam
455 1928 655 1985 sortitus,
692 1944 780 1971 non
810 1928 954 1971 minus
994 1937 1097 1971 tunc
1129 1929 1333 1972 seditiosa
1359 1946 1490 1990 quam
1526 1941 1655 1975 antea

280 2008 396 2067 turpi
422 2007 534 2063 vita,
552 2008 596 2049 in
621 2023 751 2050 omne
776 2007 942 2050 facinus
969 2009 1324 2068 promptissimus
1340 2019 1446 2052 erat.
1473 2011 1589 2055 Nam
1614 2020 1657 2053 et

281 2102 413 2129 manu
435 2096 656 2143 strenuus,
689 2095 730 2130 et
757 2087 801 2129 in
832 2087 1117 2130 concionibus
1143 2087 1440 2147 perfacundus
1463 2088 1654 2132 habeba·

281 2175 362 2208 tur.
393 2167 518 2210 Brevi
559 2167 707 2226 itaque
744 2167 967 2221 centurio,
997 2182 1047 2209 ac
1087 2167 1291 2227 deinceps
1316 2169 1516 2212 tribunus
1549 2168 1660 2212 mili-

281 2255 374 2288 tum
400 2245 536 2289 factus
561 2255 638 2289 est.
665 2246 813 2289 Primo
826 2244 942 2289 bello
966 2245 1173 2290 adversus
1195 2248 1382 2291 AEtnaeos
1408 2265 1565 2309 inagna
1591 2266 1660 2292 ex-

282 2326 525 2384 perimenta
552 2326 618 2368 sui
639 2326 915 2385 Syrasusanis
930 2324 1062 2368 dedit.
1088 2327 1296 2385 Sequenti
1312 2328 1658 2387 Campanorum,

287 2414 455 2447 tantam
475 2405 526 2447 de
549 2421 592 2447 se
609 2421 729 2465 spem
756 2404 959 2447 omnibus
984 2404 1085 2447 fecit
1100 2438 1110 2459 ‚
1128 2415 1176 2448 ut
1200 2406 1243 2448 in
1270 2405 1412 2449 locum
1439 2405 1657 2450 demortui

288 2483 410 2527 ducis
440 2486 726 2528 Damasconis
753 2483 1037 2527 sufficeretur.
1066 2486 1203 2545 Cujus
1232 2501 1413 2528 uxorem
1446 2486 1659 2530 adulterio

284 2564 503 2623 cognitam
546 2573 644 2623 post
682 2574 867 2607 mortem
902 2565 984 2606 viri
1028 2565 1071 2607 in
1112 2565 1443 2608 matrimonium
1479 2565 1654 2624 recepit.

285 2643 376 2687 Nec
402 2653 656 2697 contentus,
680 2644 797 2702 quod
819 2661 868 2687 ex
891 2646 1019 2704 inope
1037 2654 1215 2703 repente
1235 2644 1353 2687 dives
1369 2644 1507 2687 factus
1524 2654 1656 2699 esset,
