1783 3282
497 287 839 322 HISTORIARUM
868 290 954 323 LIB.
982 291 1062 324 XII.
1390 306 1452 327 111

95 382 198 416 tum.
226 372 295 416 Ob
326 373 408 415 hoc
436 371 642 414 tredecim
672 372 824 415 diebus
853 373 944 415 otio
971 389 994 414 a
1018 389 1119 432 rege
1147 374 1276 431 datis,
1299 385 1342 419 ut
1367 377 1456 419 visa

94 461 154 494 est
176 461 347 493 uterum
371 450 589 510 implesse,
614 451 821 494 discessit.
847 453 949 494 Post
964 451 1054 493 haec
1078 451 1319 496 Alexander
1341 455 1458 498 habi-

95 539 185 571 tum
208 545 358 589 regum
381 532 629 584 Persarum,
654 540 697 572 et
720 529 921 572 diadema
945 528 1169 572 insolitum
1195 540 1321 573 antea
1345 534 1456 592 regi-

93 606 171 649 bus
204 607 516 661 macedonicis,
550 607 667 650 velut
706 609 750 650 in
781 607 896 667 leges
924 623 1102 661 eorum,
1132 622 1241 666 quos
1272 609 1455 667 vicerat,

93 686 310 741 transiret,
336 687 528 729 assumit.
553 686 662 741 Quae
688 703 742 728 ne
762 685 1017 728 invidiosius
1038 686 1080 727 in
1106 701 1150 727 se
1173 701 1261 727 uno
1285 690 1454 746 conspi-

90 773 314 817 cerentur,
338 765 498 807 amicos
531 779 703 821 quoque
738 779 836 805 suos
862 762 1038 822 longam
1065 772 1229 806 vestem
1260 774 1455 807 auratam

90 858 440 902 purpureamque
478 857 647 885 sumere
669 841 806 900 jubet.
837 844 898 885 Ut
929 840 1078 884 luxum
1111 858 1305 902 quoque,
1330 844 1454 887 sicuti

88 920 274 976 cultum,
302 924 531 965 Persarum
563 921 828 975 imitaretur,
860 921 976 964 inter
1002 921 1209 980 pellicum
1237 922 1453 982 regiarum

86 1017 235 1060 greges
260 999 404 1043 electae
434 999 775 1059 pulchritudinis
802 999 1145 1060 nobilitatisque,
1170 1001 1365 1044 noctium
1394 1002 1455 1044 vi-

86 1095 154 1121 ces
183 1079 351 1121 dividit.
377 1079 454 1122 His
484 1079 612 1121 rebus
638 1079 834 1138 ingentes
863 1077 1091 1138 epularum
1121 1088 1356 1139 apparatus
1380 1080 1455 1123 ad-

80 1159 199 1217 jicit,
234 1174 287 1200 ne
314 1158 463 1217 jejuna
490 1166 531 1200 et
565 1156 787 1200 destructa
824 1156 995 1200 luxuria
1028 1157 1267 1213 videretur,
1302 1159 1453 1201 convi-

87 1238 290 1295 viumque
320 1237 443 1295 juxta
477 1237 641 1295 regiam
674 1235 1045 1295 magnificentiam
1085 1235 1198 1278 ludis
1236 1247 1450 1279 exornat:

84 1316 311 1358 immemor
344 1330 541 1373 prorsus,
569 1323 707 1357 tantas
737 1330 839 1374 opes
862 1314 1002 1356 amitti
1032 1314 1099 1357 his
1126 1315 1339 1369 moribus,
1365 1331 1451 1357 non

85 1394 216 1452 quaeri
235 1392 385 1436 solere.

146 1474 221 1515 IV.
249 1475 367 1515 Inter
403 1472 494 1515 haec
528 1472 773 1532 indignatio
806 1472 1002 1515 omnium
1038 1474 1139 1516 totis
1163 1473 1315 1516 castris
1339 1483 1450 1530 erat,

84 1567 108 1594 a
132 1550 336 1611 Philippo
362 1550 485 1594 illum
512 1560 634 1611 patre
667 1560 836 1593 tantum
871 1550 1223 1610 degeneravisse,
1249 1561 1294 1594 ut
1321 1553 1451 1594 etiam

84 1632 233 1690 patriae
257 1646 417 1672 nomen
448 1630 655 1688 ejuraret,
682 1645 911 1688 moresque
935 1631 1165 1672 Persarum
1197 1640 1451 1685 assumeret,

81 1725 189 1768 quos
217 1718 396 1768 propter
421 1707 525 1751 tales
547 1724 688 1751 mores
713 1709 889 1750 vicerat.
919 1707 1002 1750 Sed
1026 1724 1079 1750 ne
1101 1708 1217 1751 solus
1245 1709 1359 1751 vitiis
1381 1725 1452 1751 co-

82 1804 199 1843 rum,
220 1804 328 1847 quos
357 1788 488 1830 armis
514 1788 763 1848 subegerat.
791 1787 1070 1830 succubuisse
1102 1787 1342 1844 videretur,
1369 1789 1450 1830 mi—

82 1866 229 1910 litibus
252 1883 423 1926 quoque
446 1866 532 1910 suis
546 1867 763 1926 permisit,
784 1867 817 1908 si
841 1882 1027 1925 quarum
1048 1867 1322 1926 captivarum
1348 1883 1452 1909 con-

78 1945 306 1989 suetudine
317 1955 588 2000 tenerentur,
604 1944 761 1988 ducere
777 1961 951 1987 uxores:
969 1945 1220 1988 existimans
1234 1947 1450 1989 minorem

79 2025 122 2066 in
147 2025 335 2084 patriam
368 2023 530 2067 reditus
561 2024 844 2083 cupiditatem
875 2025 1086 2079 futuram,
1120 2025 1381 2067 habentibus
1405 2026 1448 2068 in

78 2104 226 2145 castris
251 2103 485 2163 imaginem
511 2102 745 2162 quamdam
771 2102 948 2157 larium,
972 2120 1021 2146 ac
1046 2103 1291 2146 domesticae
1313 2103 1449 2158 sedis,

78 2180 205 2224 simul
230 2191 270 2225 et
290 2181 482 2225 laborem
511 2180 676 2224 militiae
700 2180 946 2224 molliorem
975 2182 1064 2224 fore
1090 2181 1316 2225 dulcedine
1342 2199 1448 2225 uxo-

80 2276 190 2302 rum.
225 2262 276 2302 In
307 2260 611 2320 supplementa
633 2277 809 2321 quoque
837 2261 1025 2303 militum
1050 2262 1195 2304 minus
1226 2262 1447 2305 exhauriri

79 2355 201 2398 posse
223 2339 525 2382 Macedoniam
541 2373 551 2393 ,
572 2340 606 2381 si
626 2340 842 2382 veteranis
860 2340 1056 2399 patribus
1078 2341 1240 2383 tirones
1254 2339 1332 2383 filii
1353 2357 1448 2384 suc-

79 2416 301 2470 cederent,
332 2416 558 2460 militaturi
584 2419 627 2460 in
664 2417 805 2473 vallo,
837 2419 879 2460 in
909 2435 996 2478 quo
1026 2428 1165 2462 essent
1197 2421 1313 2474 nati3
1341 2436 1446 2463 con-

78 2496 393 2554 stantioresque
424 2494 587 2548 futuri,
621 2497 655 2538 si
686 2513 772 2539 non
805 2497 944 2540 solum
982 2499 1201 2554 tirocinia,
1228 2515 1381 2542 verum
1406 2509 1447 2543 et

79 2572 344 2616 incunabula
359 2574 402 2615 in
422 2574 524 2632 ipsis
540 2575 689 2617 castris
712 2576 967 2634 posuissent.
991 2578 1099 2633 Quae
1119 2578 1388 2621 consuetudo
1401 2580 1444 2620 in

79 2668 345 2695 successores
365 2668 539 2711 quoque
558 2652 788 2696 Alexandri
818 2656 987 2698 mansit.
1010 2657 1149 2715 Igitur
1173 2667 1215 2699 et
1239 2657 1444 2700 alimenta
