1783 3282
512 389 780 426 HISTORIAS
809 387 1051 423 PIIILIPPIC
1059 390 1124 423 AS.
1432 402 1451 424 ἰ
1459 396 1475 432 4
1483 403 1504 437 9

191 468 438 516 Elephantos.
458 469 616 504 Eosdem
647 480 739 515 quos
765 468 935 502 Seleucus
955 467 1001 502 ab
1025 479 1109 514 rege
1130 469 1379 504 Sandrocouo
1399 483 1504 505 acce—

135 537 257 577 perat,
277 530 434 578 Pyrrhus
458 542 500 564 ex
528 537 631 576 parte
659 531 695 564 in
720 529 861 565 Italiam
883 529 1114 570 traduxerat,
1133 531 1349 565 Ptolemaeus
1368 533 1504 567 Deme-

138 591 211 625 trio
238 591 455 626 Poliorcetae
474 590 510 624 in
532 602 653 637 pugna
683 590 877 637 eripuerat.
901 589 986 623 Vid.
1011 591 1123 624 Guu..
1146 590 1418 627 Scmltutmum
1434 620 1442 636 ‚
1470 593 1507 627 in

136 653 369 688 Bibliotheca
390 654 533 695 indica,
561 654 634 687 vol.
666 666 693 688 1.

189 716 274 749 CAP.
301 716 367 749 III.
393 716 553 749 Paterno
572 726 693 762 regno.
718 715 744 747 I.
768 726 797 747 e.
812 713 941 747 Phthia
957 712 1172 755 Thessaliae,
1194 712 1255 747 ubi
1277 714 1403 748 Peleus
1423 728 1508 749 avus

138 782 175 809 et
198 775 359 810 Achilles
383 782 639 821 regnaverant.

193 836 372 870 Glaucioe.
402 836 497 870 Nam
522 835 638 870 Graeci
668 841 833 877 Γλαυκίας,
865 835 971 868 MSS.
994 846 1082 868 vero
1103 834 1235 868 Justini
1266 836 1417 877 Glauci,
1449 837 1508 869 vi-

137 905 240 932 nose.

567 974 626 1008 IN
658 973 883 1009 LIBRUM
915 974 1076 1008 XVIII.

192 1082 523 1119 Exhistoricorum
549 1082 828 1128 deperditorum
853 1081 1020 1128 reliquiis
1046 1083 1118 1116 hoc
1143 1089 1283 1117 tantum
1311 1084 1394 1118 sciri
1415 1085 1512 1128 licet,

137 1146 361 1193 Pompeium
403 1146 567 1192 Trogum
609 1145 646 1178 in
683 1144 753 1178 hoc
792 1143 890 1177 libro
928 1144 1131 1178 Menandri
1163 1146 1323 1191 Ephesii
1368 1147 1512 1193 scriptis

138 1220 241 1242 usum
266 1219 355 1242 esse.

191 1268 276 1303 Cn.
302 1269 352 1303 II.
373 1271 409 1302 A
434 1269 651 1304 Ptolemceo.
681 1268 765 1303 Scil.
791 1267 1060 1315 Philadelpho,
1084 1269 1146 1315 qui
1170 1269 1347 1304 Romanis
1371 1270 1415 1304 de
1436 1268 1512 1303 dis-

138 1341 244 1364 cessu
272 1328 404 1376 Pyrrhi
429 1341 475 1364 ex
490 1329 593 1363 Italia
621 1329 822 1375 gratulatus
850 1329 980 1375 populi
1000 1329 1146 1364 romani
1173 1330 1292 1365 socius
1315 1338 1351 1365 et
1376 1331 1513 1366 amicus

139 1389 271 1424 haberi
285 1389 512 1425 desideravit
529 1403 535 1423 :
560 1389 662 1436 quod
683 1402 795 1436 quum
814 1391 935 1424 laetum
954 1397 989 1424 et
1009 1389 1259 1425 honorificum
1277 1392 1417 1426 senatui
1438 1404 1514 1426 esse

139 1451 347 1495 videretur,
373 1452 514 1497 legatos
541 1450 588 1485 ad
611 1463 693 1485 eum
719 1451 815 1485 mitti
843 1451 990 1498 placuit.

193 1512 277 1547 Cn».
308 1512 376 1546 ΙΙΙ.
405 1514 504 1546 Ante
526 1524 665 1546 annum
695 1512 851 1557 trojanoe
878 1513 1007 1547 cladis.
1036 1514 1064 1547 Ι.
1095 1526 1123 1547 e.
1141 1540 1149 1556 ,
1175 1521 1209 1547 ut
1233 1514 1416 1560 Josephus
1442 1526 1515 1547 vo·-

140 1573 228 1616 luit,
253 1586 284 1608 a.
317 1571 416 1607 1250
439 1586 470 1608 a.
491 1572 531 1607 C.
558 1574 602 1607 N.
629 1572 714 1607 Vid.
735 1574 909 1616 Solimo„
936 1573 983 1608 ad
1006 1573 1141 1608 Euseh.
1169 1573 1322 1616 Chrom,
1340 1587 1375 1620 p.
1403 1574 1461 1615 46.

196 1635 351 1669 Insuloe.
372 1635 463 1678 Quae
483 1646 568 1681 pars
596 1634 791 1682 Tyriorum
819 1634 923 1669 urbis
943 1640 1032 1669 erat.

193 1696 277 1729 CAP.
301 1695 347 1729 V.
374 1695 552 1730 Sacerdos
577 1696 686 1731 Jovis.
714 1697 741 1730 Ι.
770 1708 799 1730 e.
837 1695 968 1730 summi
993 1695 1205 1730 Phoenicum
1227 1696 1304 1738 dei,
1333 1698 1435 1730 Baal
1458 1697 1513 1731 vel

141 1759 213 1792 Bel
234 1769 246 1791 :
273 1756 331 1792 cui
359 1758 540 1804 templum
561 1757 639 1793 sine
662 1758 780 1793 (lubio
806 1757 998 1793 conditum
1019 1765 1098 1793 erat
1126 1759 1163 1792 in
1188 1759 1430 1794 vetustissima
1455 1761 1513 1794 illa

141 1818 289 1853 colonia
313 1818 443 1862 Cc'ttz‘o,
474 1819 648 1866 primaria
675 1819 890 1855 Phoenicum
916 1820 1002 1855 sede
1021 1820 1059 1854 in
1083 1820 1201 1855 insula
1227 1821 1362 1867 Cypro.

193 1882 277 1917 Cu.
309 1882 371 1915 VI.
402 1882 699 1916 Maxz'tanomm.
728 1881 825 1916 Vide
847 1888 980 1929 praeter
1007 1894 1066 1926 ea,
1097 1894 1176 1928 quae
1201 1894 1236 1928 p.
1263 1893 1332 1916 221
1363 1882 1517 1916 collecta

141 1941 385 1985 exhibentur,
418 1942 691 1985 CAs'rIGL10N.,
731 1943 768 1977 in
794 1943 972 1978 Me'moire
1003 1942 1281 1990 ge'ogmphique
1311 1951 1346 1977 et
1378 1943 1516 1977 numis-

141 2001 301 2051 matique
321 2015 386 2037 sur
415 2005 454 2037 la
479 2005 612 2051 partie
640 2005 820 2039 orientale
843 2005 891 2038 de
912 2006 949 2038 la
976 2005 1158 2039 Barbarie
1181 2006 1340 2051 appele?
1368 2003 1515 2048 Ast-ikia

137 2076 218 2111 par
249 2065 302 2099 les
328 2065 492 2106 Arabes,
525 2072 617 2107 etc„
646 2065 794 2108 Milani,
830 2055 948 2108 1826,
976 2064 1038 2112 qui
1068 2065 1176 2100 docte
1204 2065 1250 2099 de
1284 2064 1355 2098 illis
1384 2065 1456 2111 egit
1482 2072 1517 2099 et

144 2125 266 2159 locum
290 2124 427 2159 Justini
447 2125 635 2171 explicuit.

605 2259 665 2293 IN
696 2260 917 2295 LIBRUM
947 2261 1063 2295 XIX.

194 2368 268 2414 Qui
281 2369 378 2405 inter
406 2377 549 2405 veteres
572 2370 618 2405 de
638 2370 1000 2418 Carthaginiensium
1026 2370 1137 2405 rebus
1163 2370 1274 2417 gestis
1305 2377 1339 2404 et
1366 2370 1517 2405 institu—

143 2430 189 2465 tis
221 2438 487 2478 exposuerant,
511 2443 589 2466 non
620 2431 669 2466 ita
700 2431 897 2476 novimus,
923 2439 962 2467 ut
987 2431 1158 2479 Pompeii
1194 2431 1315 2466 fontes
1351 2432 1520 2467 invenire

143 2491 339 2537 possimus.
369 2493 472 2527 Inter
485 2493 691 2528 Germanos
706 2505 827 2540 nuper
839 2493 1203 2540 Carthaginiensium
1217 2492 1409 2527 historiam
1426 2494 1521 2528 bene

144 2552 387 2588 concinnavit
413 2554 680 2597 Boetticherus,
705 2555 924 2590 Geschichte
952 2556 1020 2589 der
1048 2554 1264 2602 Carthager.

197 2615 279 2648 Caua.
311 2615 339 2648 I.
375 2615 485 2648 Poem'
503 2615 690 2650 humanas
712 2616 855 2650 hostias
873 2617 1077 2651 immolare.
1104 2617 1160 2651 De
1180 2616 1250 2650 hac
1271 2628 1310 2650 re
1337 2616 1403 2650 alia
1443 2623 1520 2650 frn-

144 2674 289 2709 diderat
319 2675 597 2722 Theophrastus
624 2677 661 2711 in
684 2677 782 2712 libro
803 2683 874 2728 περὶ
893 2688 1080 2727 Τυρσηνῶν,
1105 2677 1170 2712 sed
1199 2676 1419 2722 scriptorum
1445 2678 1522 2712 dis-

146 2747 290 2770 sensum
327 2737 524 2783 explicavit
558 2738 766 2782 Se.-Cm1'oe,
793 2739 829 2773 in
852 2740 1024 2773 Examen
1055 2739 1204 2785 critique
1228 2739 1292 2772 des
1330 2738 1523 2774 historiens

147 2796 426 2840 d’AIexandre,
447 2811 483 2845 p.
512 2798 587 2843 278
609 2812 688 2846 sqq.
703 2827 711 2842 ‚
732 2800 934 2847 citatusque
958 2801 1007 2835 ibi
1033 2802 1167 2835 Fre'ree.

323 2881 347 2906 ι.
1292 2866 1298 2891 ¹
1317 2866 1338 2908 ἶ
