1783 3282
352 288 398 321 92
656 273 842 307 JUSTINI
871 273 1219 308 HISTORIARUM
1248 274 1334 308 LIB.
1360 274 1404 307 X.

351 356 678 399 matrimonium
700 366 934 415 receperat.
959 359 1079 398 Hanc
1104 366 1271 414 patrem
1297 356 1448 399 cedere
1465 356 1563 411 sibi,
1585 357 1708 399 sicuti

352 449 554 493 regnum,
574 434 732 477 Darius
755 433 1049 493 postulaverat
1065 450 1073 474 ε
1091 434 1164 491 qui
1180 450 1259 492 pro
1282 434 1550 494 indulgentia
1574 450 1650 476 sua
1666 435 1710 476 in

352 512 509 556 liberos
531 514 673 572 primo
696 512 913 555 facturum
934 529 976 555 se
1001 512 1189 554 dixerat:
1215 529 1315 554 mox
1334 514 1585 572 poenitentia
1613 513 1713 556 duc·

352 601 440 646 tus,
467 600 514 634 ut
537 592 717 634 honeste
742 599 943 651 negaret,
968 590 1086 649 quod
1114 600 1274 632 temere
1299 592 1576 649 promiserat,
1604 591 1712 634 Solis

353 685 446 713 eam
479 669 720 713 sacerdotio
745 669 954 728 praefecit,
981 685 1067 727 quo
1093 678 1301 727 perpetua
1337 667 1398 710 illi
1430 669 1482 711 ab
1512 670 1714 712 omnibus

353 749 454 791 viris
482 749 690 808 pudicitia
731 748 1037 807 imperabatur.
1069 749 1184 790 Hinc
1216 747 1496 790 exacerbatus
1519 749 1713 806 juvenis,

353 828 394 868 in
416 827 559 886 jurgia
585 827 724 886 primo
747 828 880 886 patris
911 827 1052 885 erupit
1079 843 1086 868 :
1114 843 1214 869 mox
1241 826 1353 869 facta
1383 842 1482 868 cum
1509 826 1713 870 fratribus

353 904 671 963 conjuratione,
687 904 790 946 dum
815 905 928 963 patri
952 903 1126 946 insidias
1142 914 1282 963 parat,
1299 904 1590 963 deprehensus
1615 921 1713 947 cum

353 983 498 1036 sociis,
518 998 662 1040 poenas
687 981 907 1040 parricidii
932 982 1011 1023 diis
1036 991 1222 1039 paternae
1248 983 1482 1042 majestatis
1501 982 1713 1027 ultoribus

353 1059 484 1102 dedit.
518 1060 736 1119 Conjuges
772 1076 944 1118 quoque
978 1060 1173 1102 omnium
1200 1076 1297 1102 cum
1332 1060 1498 1116 liberis,
1521 1078 1574 1104 ne
1598 1062 1713 1121 quod

354 1139 583 1198 vestigium
621 1138 730 1181 tanti
769 1138 937 1181 sceleris
976 1147 1182 1191 exstaret,
1221 1138 1468 1181 interfectae.
1501 1141 1604 1182 Post
1626 1140 1714 1184 haec

353 1219 611 1259 Artaxerxes
633 1217 786 1259 morbo
808 1233 858 1259 ex
874 1215 1023 1259 dolore
1037 1226 1261 1260 contracto
1279 1217 1469 1273 decedit,
1492 1234 1567 1260 rex
1585 1235 1711 1278 quam

354 1305 476 1353 pater
490 1292 674 1338 felicior.

417 1377 494 1418 ΙΙΙ.
523 1375 748 1418 Hereditas
771 1378 892 1436 regni
917 1378 1042 1420 Ocho
1066 1377 1243 1431 tradita,
1269 1379 1361 1435 qui,
1388 1378 1542 1420 timens
1565 1393 1711 1436 parem

354 1454 716 1511 conjurationem,
742 1456 904 1514 regiain
933 1465 1216 1515 cognatorum
1237 1456 1349 1498 caede
1373 1465 1415 1498 et
1438 1465 1579 1515 strage
1596 1455 1712 1514 prin-

355 1533 497 1590 cipum
525 1532 681 1592 replet,
708 1533 826 1576 nulla
848 1551 936 1576 non
961 1535 1202 1594 sanguinis,
1228 1551 1315 1577 non
1339 1551 1480 1588 sexus,
1507 1550 1594 1576 non
1616 1543 1714 1576 aeta-

355 1611 406 1652 tis
434 1611 728 1655 misericordia
758 1622 980 1672 permotus
1009 1630 1017 1654 :
1044 1612 1208 1655 scilicet
1242 1629 1295 1655 ne
1327 1613 1599 1655 innocentior
1632 1611 1715 1654 fra-

354 1690 491 1733 tribus
528 1691 752 1749 parricidis
780 1692 1025 1735 haberetur.
1059 1694 1200 1751 Atque
1234 1692 1289 1733 ita
1320 1690 1453 1733 veluti
1487 1690 1715 1749 purificato

354 1785 504 1828 regno,
530 1768 693 1811 bellum
715 1770 912 1812 Cadusiis
938 1770 1077 1812 infert.
1097 1772 1147 1812 In
1168 1786 1218 1812 eo
1239 1786 1372 1829 quum
1394 1770 1598 1812 adversus
1616 1786 1715 1828 pro-

353 1857 601 1890 vocatorem
628 1848 820 1891 hostium
844 1848 1153 1891 Codomannus
1185 1848 1362 1907 quidam
1394 1865 1492 1891 cum
1519 1851 1711 1892 omnium

354 1926 497 1969 favore
526 1928 822 1985 processisset,
857 1927 979 1969 hoste
1006 1943 1130 1980 caeso,
1157 1927 1381 1969 victoriam
1414 1927 1499 1969 suis
1529 1915 1712 1984 pariter,

355 2015 397 2048 et
423 2021 556 2065 prope
574 2005 773 2048 amissam
797 2005 977 2066 gloriam
996 2005 1196 2048 restituit.
1223 2005 1292 2048 Ob
1310 2005 1400 2047 haec
1426 2004 1582 2046 decora
1601 2004 1713 2046 idem

355 2083 663 2127 Codomannus
681 2083 913 2143 praeficitur
930 2084 1157 2126 Armeniis.
1176 2083 1410 2141 Interjecto
1433 2082 1586 2124 deinde
1610 2092 1716 2125 tem-

354 2178 477 2221 pore,
509 2172 607 2222 post
634 2172 818 2205 mortem
848 2162 960 2206 Ochi
993 2163 1126 2221 regis,
1155 2161 1208 2203 ob
1238 2162 1490 2203 memoriam
1525 2162 1716 2220 pristinae

354 2242 545 2297 virtutis,
560 2258 634 2284 rex
651 2258 674 2284 a
689 2240 851 2300 populo
873 2241 1171 2293 constituitur,
1186 2241 1307 2283 Darii
1323 2241 1518 2293 nomine,
1541 2256 1594 2281 ne
1611 2239 1715 2298 quid

356 2321 480 2379 regiae
527 2321 739 2379 majestati
775 2319 964 2372 deesset,
1009 2319 1245 2361 honoratus
1267 2335 1278 2371 3
1322 2317 1572 2377 bellumque
1617 2334 1715 2360 cum

355 2397 599 2441 Alexandro
627 2400 813 2457 Magno,
840 2397 913 2439 diu
934 2398 1128 2440 variante
1153 2397 1351 2451 fortuna,
1375 2413 1531 2457 magna
1555 2397 1715 2439 virtute

357 2476 495 2535 gessit.
520 2478 745 2519 Postremo
770 2477 910 2518 victus
931 2476 984 2518 ab
1010 2475 1278 2531 Alexandro,
1309 2485 1347 2518 et
1379 2493 1402 2518 a
1427 2475 1619 2535 cognatis
1641 2490 1712 2516 oc-

357 2555 486 2608 cisus,
515 2555 647 2596 vitam
672 2555 834 2613 pariter
851 2571 948 2597 cum
971 2557 1199 2597 Persarum
1218 2571 1352 2614 regno
1372 2554 1523 2597 finivit.
