1783 3282
689 299 878 334 LIBRUM
905 300 989 333 XII.
1127 298 1129 301 ’
1445 313 1464 336 2
1475 315 1487 336 1
1498 302 1517 336 3

156 381 250 416 hanc
285 388 426 428 petram
458 394 604 428 quoque
632 389 743 426 esset,
763 381 864 428 quasi
890 382 1101 415 Alexander
1121 383 1167 416 ad
1197 385 1338 418 ultimas
1357 384 1518 419 Orientis

156 442 215 476 vel
243 441 356 476 Indiae
376 455 457 476 oras
482 450 699 489 perventus,
718 442 765 476 ad
779 442 934 483 inferos,
956 440 1049 476 sicut
1067 443 1230 477 Bacchus
1250 444 1397 478 Indicus
1410 472 1419 488 ,
1438 444 1521 480 dex-

157 514 283 536 census
297 502 431 537 fuisset.
444 503 535 537 Inde
549 504 599 537 ibi
614 504 708 550 Nysa
724 503 811 537 urbs
819 502 985 545 condita,
995 508 1030 536 et
1043 502 1222 536 exercitus
1233 505 1447 548 Alexandri,
1456 505 1519 539 ubi

157 564 203 597 ad
231 576 371 597 sacrum
395 571 559 599 montem
572 576 647 610 quo
660 565 820 598 Bacchus
840 564 1018 598 enutritus
1037 570 1132 606 erat,
1154 564 1323 606 accessit,
1342 565 1378 598 in
1399 578 1520 599 sacros

157 623 217 658 dei
241 624 396 658 ululatus
418 625 554 672 erupit,
577 626 668 659 sicut
695 637 825 672 agmen
853 623 1130 659 Bacchantium.
1155 623 1246 657 Vide
1269 635 1345 668 cap.
1375 630 1429 666 14.

209 685 291 719 CAP.
312 686 417 719 VIII.
446 686 697 733 Bucephalerz.
725 685 966 732 Buceplzalon
994 691 1102 720 vocat
1128 683 1289 726 Curtius,
1310 696 1368 726 1x,
1393 685 1431 727 3,
1452 686 1496 729 37
1512 713 1520 728 ‚

156 752 196 778 ut
223 752 257 780 et
276 746 510 789 Aulu-G.,v,
543 759 581 789 2;
604 746 863 792 Bucephalam
889 745 1050 788 Plinius,
1074 758 1135 788 vl,
1157 757 1225 788 20,
1252 751 1286 778 et
1311 744 1498 779 Diodorus
1513 773 1521 788 ,

156 817 262 849 xvn,
295 805 363 852 95;
393 806 664 852 Bucephale'am
699 806 936 848 Plutarchus,
970 807 1100 846 Alex„
1138 817 1167 839 c.
1200 816 1288 848 107,
1322 804 1384 850 qui
1421 805 1522 838 addit

156 867 409 900 Alexandrum
435 873 469 901 et
492 867 530 900 in
556 866 771 901 memoriam
791 866 891 901 canis
911 866 967 900 sui
990 867 1149 907 Peritoe,
1175 864 1436 911 cognominem
1461 878 1522 898 ur-

156 927 243 961 bem
266 927 435 961 erexisse.
459 927 715 974 Bucephalus,
737 927 872 962 Graecis
894 934 1101 976 Βουκέφαλος,
1130 938 1267 960 nomen
1287 933 1413 960 nactus
1433 933 1485 960 est.
1505 940 1523 959 a

158 994 241 1032 βοῦς,
274 987 367 1030 bos,
402 994 436 1021 et
463 991 599 1037 κεφαλή,
623 995 749 1034 caput,
785 987 884 1034 quod
915 987 1022 1021 bovis
1046 994 1157 1033 caput
1178 987 1352 1028 referret,
1380 987 1525 1020 Peritas

156 1059 246 1082 vero
267 1060 285 1081 a
300 1054 527 1097 nipa;‚-oer0;‚
554 1047 658 1092 finis,
680 1049 874 1091 terminus,
893 1060 1025 1094 nempe
1048 1047 1282 1081 victoriarum
1308 1047 1521 1082 Alexandri.

156 1107 374 1155 Bucephale
395 1108 510 1143 Indiae
536 1109 622 1143 urbs
648 1115 740 1152 erat,
757 1108 859 1154 juxta
881 1108 1079 1155 Hydaspen
1102 1106 1269 1150 fluvium,
1293 1107 1357 1141 ubi
1379 1107 1523 1142 cecide-

156 1175 213 1202 rat
239 1169 497 1216 Bucephalus,
532 1169 569 1203 in
590 1169 721 1215 proelio
754 1182 829 1216 quo
860 1169 947 1203 vicit
980 1171 1114 1202 Porum
1143 1168 1374 1212 Alexander,
1408 1181 1524 1215 eoque

157 1230 238 1276 ipso
257 1230 295 1263 in
322 1230 405 1264 loco
428 1230 678 1276 sepeliendum
705 1230 802 1264 hunc
829 1242 961 1276 equum
980 1230 1197 1263 bellatorem
1217 1229 1396 1275 optimum
1416 1241 1524 1263 cura—

157 1297 270 1325 verat.
290 1290 366 1325 Ubi
388 1298 545 1324 armatus
573 1298 648 1324 erat
671 1290 718 1325 ad
736 1290 923 1336 proelium,
941 1289 1000 1323 hic
1023 1302 1134 1335 equus
1156 1290 1255 1324 haud
1281 1302 1439 1335 unquam
1471 1290 1526 1322 in-

158 1350 285 1385 scendi
304 1363 380 1385 sese
400 1351 447 1385 ab
472 1351 544 1385 alio
569 1350 640 1384 nisi
658 1362 678 1384 a
695 1362 782 1396 rege
798 1362 924 1396 passus
944 1356 1013 1392 est,
1033 1356 1068 1383 et
1082 1349 1331 1383 Alexandrum
1351 1349 1432 1383 telis
1451 1361 1524 1382 un-

158 1411 270 1456 dique
281 1411 455 1444 obrutum
469 1438 478 1454 ,
497 1410 710 1444 vulneribus
729 1411 806 1456 ipse
825 1409 1009 1456 perfossus
1024 1416 1058 1443 et
1070 1410 1316 1444 moribundus
1329 1436 1337 1452 ,
1357 1422 1376 1443 e
1395 1409 1525 1443 mediis

157 1471 325 1506 hostibus
346 1471 490 1514 retulit,
511 1478 619 1517 atque
640 1471 705 1505 ubi
728 1483 808 1505 eum
831 1477 934 1505 extra
958 1471 1028 1504 tela
1051 1471 1200 1514 extulit,
1222 1470 1321 1504 illico
1342 1470 1525 1512 concidit,

159 1539 194 1566 et
209 1532 285 1577 jam
303 1532 505 1578 superstitis
531 1544 697 1575 securus,
725 1531 917 1577 expiravit.
941 1531 1028 1565 Erat
1050 1538 1084 1564 et
1108 1531 1232 1565 Atticae
1257 1538 1386 1577 portus
1406 1532 1526 1564 Buce-

157 1593 320 1639 phalas,
349 1593 386 1626 in
413 1593 494 1627 sinu
514 1593 692 1627 laconico.
718 1593 809 1625 Vide
833 1593 939 1626 PL1N.
954 1618 963 1635 ,
983 1605 1043 1635 1v,
1065 1590 1097 1626 5.
1121 1591 1201 1635 Sic,
1225 1598 1332 1637 caput
1351 1591 1525 1625 bubalum

159 1661 194 1687 et
213 1653 386 1700 equinum
409 1660 597 1700 repertum
616 1660 669 1687 est
688 1653 726 1686 in
742 1652 869 1699 primis
882 1651 1111 1699 Carthaginis
1137 1651 1382 1686 fundamentis
1394 1678 1403 1694 ,
1426 1650 1525 1696 cujus

159 1715 259 1749 urhis
278 1727 415 1749 nomen
438 1728 458 1750 a
476 1722 551 1765 κάρ,
578 1721 704 1761 caput,
728 1721 763 1748 et
780 1720 891 1763 ταγός,
910 1714 1002 1757 dux,
1026 1720 1108 1764 τάγη
1121 1745 1129 1759 ‚
1153 1713 1347 1759 imperinm
1360 1739 1369 1755 ,
1387 1712 1524 1758 princi-

158 1783 284 1822 patus,
305 1783 449 1827 ταγεύω,
470 1776 631 1822 impero,
653 1775 777 1810 oritur.
798 1776 845 1810 Et
865 1787 992 1810 revera
1011 1782 1119 1821 caput
1138 1774 1222 1820 equi
1240 1774 1291 1808 ibi
1319 1774 1527 1816 inventum,

159 1837 377 1871 bellicosum
398 1843 662 1883 potentemque
681 1837 860 1883 populum
884 1836 1044 1870 futurum
1062 1833 1293 1882 significabat
1306 1834 1363 1877 ,si
1383 1835 1526 1868 Justino

159 1896 249 1931 fides
271 1898 316 1931 sit
344 1897 565 1932 adhihenda.
600 1897 691 1931 Vide
715 1897 778 1931 lib.
800 1910 900 1931 xvn1
915 1923 924 1939 ,
944 1909 1021 1942 cap.
1045 1895 1077 1930 5.
1107 1895 1180 1930 Sed
1208 1896 1264 1929 hae
1290 1895 1420 1929 fabulae
1445 1902 1527 1928 sunt

159 1958 344 2004 mythicae,
363 1958 458 1992 sicut
477 1957 545 1991 bos
568 1964 603 1992 et
629 1957 772 2001 asinus,
791 1958 850 1991 vel
869 1957 992 1990 minor
1015 1969 1128 2002 equus
1141 1983 1150 1999 ,
1173 1956 1213 1989 in
1230 1955 1402 2002 praesepi,
1424 1968 1523 2002 sym—

160 2018 341 2065 bolaque,
373 2031 504 2064 nempe
525 2031 639 2064 equus
666 2018 784 2065 capite
806 2018 972 2060 taurino,
994 2024 1174 2063 caputque
1201 2016 1375 2062 equinum
1394 2023 1429 2050 et
1454 2016 1525 2049 bu—

161 2080 307 2120 balum,
330 2080 414 2125 equi
435 2080 589 2113 coelestis
613 2079 811 2113 solstitialis
837 2079 899 2124 qui
922 2085 999 2113 erat
1020 2085 1108 2112 tunc
1120 2077 1297 2124 primaria
1316 2076 1446 2110 domus
1465 2077 1523 2109 vel

160 2140 248 2173 urbs
275 2139 438 2182 zodiaci,
457 2139 555 2173 canis
575 2151 665 2172 vero
684 2139 832 2172 Peritas
842 2165 854 2180 ,
882 2138 968 2172 Sirii
986 2138 1086 2172 canis
1111 2138 1170 2171 vel
1193 2137 1380 2180 caniculae,
1399 2136 1527 2170 sideris

161 2200 307 2234 alterius
327 2199 542 2241 solstitialis,
562 2211 657 2244 equo
680 2198 754 2232 fere
779 2198 952 2244 oppositi.

214 2261 404 2294 Adrestas.
425 2259 652 2293 Habitabant
669 2258 774 2303 juxta
797 2259 1025 2303 Hydraotem
1045 2257 1216 2302 fluvium,
1239 2271 1283 2292 ex
1307 2270 1378 2304 quo
1401 2257 1525 2291 forsan

162 2333 289 2355 eorum
303 2333 439 2355 nomen
452 2326 577 2354 manat
602 2326 637 2354 et
656 2326 869 2366 corruptum
883 2319 948 2353 fuit
960 2347 969 2362 ,
983 2319 1075 2353 sicut
1091 2320 1343 2366 Gangaridum
1356 2331 1377 2353 a
1398 2320 1528 2365 Gange

162 2382 288 2416 fluvios

217 2443 464 2489 Gangaridas.
499 2441 615 2475 Graeci
652 2443 856 2490 Γανδάριδας
889 2442 1096 2488 appellant,
1134 2440 1287 2483 Strabo,
1323 2439 1530 2479 Diodorus,

160 2502 394 2545 Plutarchus,
423 2500 486 2547 qui
512 2509 546 2535 et
573 2501 661 2535 alibi
692 2503 874 2550 Γανδρίὸας
905 2508 1021 2535 vocat.
1051 2501 1245 2535 Herodoto
1272 2503 1441 2549 Γανδάριοι
1470 2499 1529 2532 di—

162 2570 312 2606 cuntur,
332 2569 366 2596 et
391 2574 473 2596 cum
501 2561 668 2607 Sogdiis,
688 2561 852 2603 Parthis,
875 2562 1116 2605 Chorasmiis,
1142 2562 1345 2608 junguntur
1369 2561 1435 2594 sub
1460 2561 1530 2594 im-

159 2623 267 2669 perio
288 2623 444 2670 persico.
469 2622 573 2657 Circa
595 2622 688 2656 ostia
707 2622 845 2668 Gangis
869 2634 931 2656 eos
954 2623 1060 2669 ponit
1087 2623 1301 2657 Ptolemaeus
1324 2636 1330 2654 ε
1364 2635 1383 2655 a
1402 2622 1530 2666 Gange

161 2686 272 2732 igitur
292 2685 430 2719 habent
454 2696 608 2720 nomen,
629 2683 717 2717 sicut
739 2690 772 2717 et
798 2683 963 2726 Gandra,
986 2696 1056 2730 pro
1084 2685 1259 2730 Gangara
1281 2682 1422 2724 forsan,
1444 2681 1529 2714 urbs
