1783 3282
360 299 407 341 48
951 301 1136 336 JUSTINI

359 384 535 442 Quippe
560 382 770 426 decedens
792 399 927 442 quum
958 383 1068 426 filios
1098 382 1302 442 parvulos
1330 382 1592 442 reliquisset,
1613 391 1725 425 tute-

360 460 531 521 lamque
554 478 704 505 eorum
726 462 941 523 Micytho,
972 470 1172 521 spectatae
1194 461 1293 504 fidei
1318 478 1459 517 servo,
1489 461 1726 504 commisis-

358 550 447 596 set,
475 549 618 584 tantus
642 557 763 584 amor
788 541 1006 583 memoriae
1032 541 1122 599 ejus
1147 540 1264 600 apud
1287 557 1438 585 omnes
1456 540 1555 596 fuit,
1577 550 1624 583 ut
1647 556 1723 600 pa-

359 636 453 663 rere
473 636 597 662 servo
610 655 620 674 ‚
644 636 773 679 quam
791 620 987 662 deserere
1006 619 1118 678 regis
1139 617 1248 661 filios
1266 618 1466 672 mallent3
1487 619 1725 678 principes-

359 715 441 757 que
456 699 658 752 civitatis,
673 697 798 741 obliti
816 697 1039 757 dignitatis
1057 713 1160 749 suae,
1171 698 1293 757 regni
1309 698 1577 756 majestatem
1591 697 1721 740 admi-

359 778 533 821 nistrari
562 794 639 837 per
662 793 837 820 servum
858 785 1126 836 paterentur.
1152 777 1391 836 Imperium
1416 774 1569 818 Siciliae
1594 777 1721 818 etiam

357 856 736 916 Carthaginienses
778 864 1020 908 tentavere3
1056 854 1217 913 diuque
1252 855 1370 897 varia
1407 855 1590 897 victoria
1625 870 1724 897 cum

358 936 550 994 tyrannis
584 934 852 977 dimicatum.
876 934 942 977 Ad
967 944 1255 993 postremum,
1293 934 1449 977 amisso
1477 931 1724 976 Hamilcare

357 1015 617 1074 imperatore
643 1030 741 1056 cum
767 1013 974 1067 exercitu,
999 1011 1311 1071 aliquantisper
1338 1013 1540 1072 quievere
1562 1012 1679 1054 victi.

419 1095 497 1136 III.
532 1092 681 1135 Medio
710 1100 905 1151 tempore
929 1107 1065 1150 quum
1094 1091 1281 1151 Rhegini
1310 1090 1525 1133 discordia
1554 1089 1724 1133 labora-

355 1180 472 1225 rent,
498 1171 735 1230 civitasque
765 1186 842 1229 per
866 1168 1177 1212 dissensionem
1206 1168 1342 1211 divisa
1371 1168 1415 1210 in
1445 1168 1551 1211 duas
1579 1177 1723 1228 partes

355 1260 482 1304 esset,
505 1250 699 1292 veterani
715 1248 766 1291 ab
790 1247 923 1291 altera
947 1258 1069 1307 parte
1091 1249 1144 1290 ab
1169 1249 1347 1290 Himera
1361 1248 1404 1290 in
1425 1246 1633 1290 auxilium
1649 1264 1723 1290 vo-

356 1331 467 1381 cati,
499 1327 634 1388 pulsis
658 1328 857 1383 civitate,
881 1336 1032 1370 contra
1055 1341 1162 1386 quos
1194 1325 1415 1386 implorati
1444 1326 1642 1382 fuerant,
1681 1337 1722 1369 et

357 1425 455 1451 mox
483 1408 619 1459 caesis,
646 1407 801 1466 quibus
826 1404 1015 1449 tulerant
1039 1404 1268 1460 auxilium,
1285 1405 1437 1449 urbem
1461 1421 1560 1448 cum
1575 1406 1738 1465 conju-

355 1488 477 1547 gibus
501 1496 541 1529 et
567 1486 713 1528 liberis
742 1486 956 1528 sociorum
985 1501 1273 1545 occupavere3
1303 1485 1394 1527 ausi
1419 1485 1583 1527 facinus
1612 1483 1721 1527 nulli

357 1577 538 1625 tyranno
563 1564 905 1623 comparandum
929 1581 936 1606 :
960 1565 1121 1624 quippe
1150 1573 1197 1607 ut
1220 1565 1429 1624 Rheginis
1454 1563 1607 1607 melius
1631 1565 1721 1607 fue-

354 1646 408 1686 rit
435 1644 551 1686 vinci
568 1678 578 1698 ,
607 1659 736 1702 quam
764 1644 925 1685 vicisse.
953 1644 1065 1686 Nam
1088 1643 1176 1685 sive
1200 1643 1438 1686 victoribus
1460 1644 1720 1702 captivitatis

349 1725 446 1783 jure
465 1724 712 1777 servissent,
743 1722 831 1764 sive
866 1722 1016 1764 amissa
1043 1723 1183 1781 patria
1213 1721 1407 1764 exsulare
1440 1738 1610 1765 necesse
1644 1722 1719 1766 ha-

353 1802 569 1856 buissent,
594 1817 681 1843 non
712 1810 878 1854 tamen,
904 1801 1016 1842 inter
1046 1817 1141 1843 aras
1177 1809 1218 1843 et
1251 1802 1414 1860 patrios
1455 1799 1564 1844 lares
1588 1802 1720 1844 truci-

353 1880 468 1934 dati,
492 1878 797 1922 crudelissimis
823 1879 1017 1937 tyrannis
1041 1879 1226 1939 patriam
1251 1896 1348 1922 cum
1380 1879 1640 1940 conjugibus
1671 1896 1720 1923 ac

354 1958 498 2002 liberis
528 1957 717 2018 praedam
740 1957 1027 2017 reliquissent.
1063 1958 1333 2001 Catinienses
1358 1974 1553 2018 quoque,
1584 1976 1718 2018 quum

352 2041 640 2097 Syracusanos
661 2053 810 2097 graves
835 2045 1109 2096 paterentur,
1130 2036 1255 2079 diffisi
1279 2037 1441 2080 viribus
1465 2038 1573 2094 suis,
1597 2039 1717 2081 auxi-

353 2116 459 2160 lium
481 2117 534 2159 ab
559 2116 894 2160 Atheniensibus
918 2116 1109 2175 petivere
1130 2132 1138 2158 ε
1167 2117 1262 2175 qui,
1287 2133 1360 2159 seu
1379 2116 1523 2159 studio
1542 2118 1716 2177 majoris

351 2196 540 2255 imperii,
571 2211 657 2255 quo
692 2196 838 2238 Asiam
877 2195 1179 2254 Graeciamque
1218 2196 1392 2254 penitus
1424 2205 1715 2256 occuparent,

350 2291 424 2317 seu
447 2283 565 2317 metu
586 2273 705 2317 factae
726 2273 895 2333 pridem
914 2290 937 2316 a
959 2275 1238 2334 Syracusanis
1253 2273 1422 2329 classis,
1444 2291 1497 2317 ne
1515 2274 1715 2318 Lacedae-

352 2353 507 2397 moniis
548 2351 628 2394 illae
662 2353 774 2395 vires
806 2353 1082 2409 accederent,
1106 2354 1398 2412 Lamponium
1427 2352 1582 2397 ducem
1615 2369 1714 2397 cum

349 2432 480 2476 classe
514 2433 557 2474 in
593 2430 784 2475 Siciliam
820 2433 995 2484 misere,
1033 2442 1098 2486 ut,
1122 2432 1199 2475 sub
1230 2433 1371 2492 specie
1402 2432 1568 2475 ferendi
1598 2434 1716 2476 Cati-

350 2511 571 2555 niensibus
609 2510 774 2566 auxilii,
806 2521 1023 2554 tentarent
1052 2511 1204 2554 Siciliae
1232 2513 1478 2572 imperium.
1514 2514 1567 2555 Et
1603 2528 1712 2571 quo-

351 2591 466 2632 niam
492 2590 633 2649 prima
659 2590 800 2645 initia,
832 2592 1082 2649 frequenter
1116 2593 1231 2634 caesis
1261 2591 1476 2646 hostibus,
1507 2607 1712 2651 prospera

350 2669 539 2724 fuerant,
574 2669 737 2728 majore
778 2669 920 2711 denuo
951 2670 1107 2725 classe,
1144 2679 1184 2711 et
1222 2671 1465 2713 robustiore
1499 2670 1712 2726 exercitu,

1774 2320 1783 2437 l

1773 2483 1777 2545 Ξ

1768 2546 1774 2676 ἶ

1765 2678 1783 2764 η
