1783 3282
465 269 809 306 HISTORIARUM
836 270 925 303 LIB.
953 271 1014 304 IX.
1386 273 1432 320 89

69 355 214 410 risset,
245 356 288 397 in
309 370 437 396 cruce
463 353 689 413 pendentis
713 354 935 396 Pausaniae
955 355 1104 411 capiti,
1134 356 1281 399 eadem
1307 368 1432 401 nocte

71 449 155 490 qua
174 433 316 487 venit,
342 448 549 474 coronam
573 448 746 474 auream
774 432 981 490 imposuit
1001 448 1009 473 τ
1035 432 1151 489 quod
1174 450 1300 477 nemo
1324 435 1431 479 alius

70 510 246 565 audere,
261 511 342 553 nisi
364 510 479 566 haec,
494 512 726 570 superstite
740 510 933 570 Philippi
955 509 1062 565 filio,
1083 512 1304 569 potuisset.
1321 516 1431 557 Pau-

69 605 141 631 cos
164 589 320 632 deinde
342 599 440 649 post
464 589 572 645 dies,
597 589 780 632 reflxum
805 605 962 648 corpus
986 589 1273 632 interfectoris
1305 607 1433 650 super

68 666 270 726 reliquias
293 669 437 710 mariti
460 670 683 722 cremavit3
707 678 750 711 et
772 667 992 711 tumulum
1017 669 1055 711 ei
1085 668 1237 711 eodem
1261 668 1365 712 fecit
1390 672 1432 713 in

69 744 181 801 loco,
208 747 514 806 parentarique
542 746 681 788 eidem
708 747 960 804 quotannis,
985 748 1156 790 incussa
1181 747 1343 807 populo
1365 765 1434 791 su-

68 825 344 883 perstitione,
373 824 551 867 curavit.
579 826 682 867 Post
707 824 798 868 haec
828 823 1123 884 Cleopatram,
1149 842 1173 868 a
1198 842 1283 885 qua
1310 826 1432 885 pulsa

66 901 254 962 Philippi
277 903 559 946 matrimonio
583 902 743 958 fuerat,
768 904 811 946 in
828 904 994 963 gremio
1011 905 1102 963 ejus
1119 906 1239 964 prius
1259 905 1345 948 filia
1368 907 1433 949 in·

68 981 264 1037 terfecta,
298 982 426 1025 finire
460 982 595 1025 vitam
632 982 864 1041 suspendio
898 983 1061 1042 coegit,
1098 984 1432 1044 spectaculoque

67 1059 294 1118 pendentis
321 1059 532 1103 ultionem
552 1061 691 1120 potita
711 1070 795 1115 est,
818 1060 871 1103 ad
896 1077 1025 1120 quam
1051 1077 1128 1121 per
1152 1063 1430 1121 parricidium

66 1137 355 1181 festinaverat.
381 1139 624 1182 Novissime
647 1137 863 1199 gladium,
885 1155 971 1197 quo
998 1156 1072 1182 rex
1100 1157 1328 1199 percussus
1347 1151 1430 1197 est,

67 1216 258 1276 Apollini
276 1217 354 1260 sub
374 1218 550 1260 nomine
568 1216 775 1277 Myrtales
797 1219 1088 1260 consecravit:
1105 1218 1189 1261 hoc
1216 1221 1330 1262 enim
1351 1237 1430 1263 no-

66 1311 165 1338 men
195 1306 294 1338 ante
326 1295 595 1356 Olympiadis
623 1295 813 1355 parvulae
839 1295 934 1338 fuit.
963 1297 1071 1352 Quae
1104 1298 1250 1340 omnia
1276 1298 1335 1340 ita
1358 1315 1432 1358 pa-

66 1373 151 1417 lam
181 1374 294 1417 facta
330 1385 450 1430 sunt,
478 1385 527 1418 ut
553 1375 748 1418 timuisse
773 1374 989 1431 videatur,
1028 1392 1081 1418 ne
1110 1375 1277 1419 facinus
1305 1378 1358 1419 ab
1384 1394 1430 1420 ea

66 1454 345 1496 commissum
369 1470 456 1496 non
478 1454 751 1513 probaretur.

126 1534 246 1576 VIII.
273 1534 472 1576 Decessit
504 1532 731 1593 Philippus
768 1550 824 1577 XL
852 1543 896 1576 et
928 1550 990 1577 v11
1024 1551 1259 1589 annorum,
1297 1552 1429 1594 quum

65 1612 189 1654 annis
206 1628 291 1654 xxv
315 1621 548 1672 regnasset.
574 1613 740 1655 Genuit
759 1629 810 1655 ex
831 1613 1038 1656 Larissaea
1054 1612 1270 1656 saltatrice
1293 1613 1430 1656 filium

64 1690 302 1745 Aridaeum‚
322 1692 396 1750 qui
417 1699 515 1750 post
535 1689 831 1734 Alexandrum
854 1692 1064 1752 regnavit.
1083 1692 1246 1735 Habuit
1269 1702 1311 1734 et
1326 1691 1431 1735 alios

65 1769 226 1813 multos
251 1786 302 1812 ex
325 1771 454 1813 variis
484 1771 775 1813 matrimoniis
797 1770 916 1829 regio
942 1787 1063 1813 more
1088 1781 1327 1831 susceptos,
1358 1773 1431 1830 qui

64 1851 224 1909 partim
253 1849 366 1904 fato,
397 1850 556 1909 partim
583 1849 698 1892 ferro
732 1850 913 1909 periere.
941 1851 1043 1892 Fuit
1072 1867 1146 1893 rex
1181 1867 1402 1893 armorum
1421 1884 1431 1902 ‚

66 1945 195 1987 quam
220 1929 520 1972 conviviorum
548 1929 827 1989 apparatibus
859 1928 1112 1983 studiosior,
1137 1930 1206 1972 cui
1236 1930 1432 1972 maximae

66 2023 167 2067 opes
200 2017 322 2051 erant
355 2008 645 2051 instrumenta
673 2005 890 2050 bellorum
917 2025 926 2050 :
960 2008 1208 2051 divitiarum
1246 2017 1430 2067 quaestu,

65 2102 192 2145 quam
214 2086 410 2130 custodia
434 2086 645 2130 solertior.
661 2089 814 2145 Itaque
837 2088 950 2130 inter
968 2087 1243 2146 quotidianas
1259 2087 1431 2146 rapinas

66 2181 234 2224 semper
263 2166 387 2225 inops
425 2175 529 2209 erat.
567 2165 869 2209 Misericordia
899 2167 942 2209 in
966 2182 1016 2209 eo
1050 2176 1092 2209 et
1126 2166 1305 2226 perfidia
1338 2168 1431 2226 pari

60 2245 158 2303 jure
176 2242 353 2287 dilectae.
371 2243 504 2287 Nulla
526 2243 643 2304 apud
659 2260 758 2287 eum
778 2245 918 2304 turpis
941 2245 1053 2287 ratio
1073 2244 1287 2287 vincendi.
1306 2244 1432 2287 Blan-

65 2323 144 2366 dus
182 2323 343 2382 pariter
376 2332 419 2366 et
447 2322 677 2366 insidiosus
706 2323 918 2383 alloqui03
948 2325 1021 2383 qui
1050 2323 1176 2382 plura
1205 2325 1432 2384 promitte-

63 2411 148 2455 ret,
173 2417 302 2460 quam
330 2411 553 2460 praestaret
574 2419 582 2444 :
605 2403 650 2444 in
675 2403 785 2445 seria
806 2412 849 2445 et
869 2403 990 2462 jocos
1015 2402 1180 2445 artifex.
1208 2404 1432 2446 Amicitias

63 2480 272 2533 utilitate,
296 2495 383 2522 non
416 2480 499 2522 fide
528 2480 709 2523 colebat.
738 2483 938 2524 Gratiam
973 2482 1136 2542 fingere
1165 2483 1209 2524 in
1240 2482 1360 2535 odio,
1389 2483 1431 2525 in

65 2560 200 2620 gratia
227 2558 436 2602 offensam
473 2558 700 2615 simulare,
727 2561 942 2603 instruere
971 2562 1085 2604 inter
1119 2561 1431 2604 concordantes

63 2638 180 2693 odia,
210 2637 324 2697 apud
348 2647 584 2696 utrumque
603 2638 786 2697 gratiam
802 2655 1012 2696 quaerere,
1030 2639 1217 2682 solennis
1245 2639 1304 2682 illi
1334 2656 1431 2681 con-
