1783 3282
324 275 392 311 168
571 274 760 310 JUSTINI
789 274 1139 309 HISTORIARUM
1169 275 1258 308 LIB.
1283 273 1426 308 XVIII.

319 359 393 400 riis
417 357 552 417 patris
578 356 744 400 illudat.
764 376 783 396 ›>
813 360 958 415 Atque
985 357 1040 398 ita
1066 371 1166 398 eum
1194 372 1293 398 cum
1319 366 1475 399 ornatu
1503 371 1605 409 suo,
1635 356 1676 396 in

319 433 570 478 altissimam
596 451 767 478 crucem
791 436 834 476 in
852 443 1085 493 conspectu
1110 433 1228 476 urbis
1254 433 1394 493 suffigi
1415 434 1556 493 jussit.
1575 434 1679 475 Post

319 529 481 572 paucos
506 512 659 556 deinde
693 513 780 556 dies
806 512 1114 571 Carthaginem
1142 512 1281 571 capit3
1311 522 1572 571 evocatoque
1603 527 1680 571 po-

318 590 423 651 pulo
447 592 501 634 ad
528 593 803 645 concionem,
829 588 964 632 exsilii
1000 589 1201 648 injuriam
1226 591 1422 649 queritur
1444 607 1452 632 :
1483 589 1582 633 belli
1607 606 1680 632 ne-

319 671 557 713 cessitatem
597 678 797 721 excusat3
835 677 1173 727 contentumque
1201 669 1381 711 victoria
1419 685 1514 723 sua,
1552 670 1679 728 puni-

318 750 371 792 tis
395 747 643 792 auctoribus
666 748 923 790 miserorum
947 747 1126 802 civium,
1154 748 1349 806 injuriosi
1375 746 1511 790 exsilii
1540 748 1678 790 omni-

318 827 398 870 bus
429 844 471 870 se
503 827 670 870 veniam
703 825 804 869 dare
832 825 947 868 dicit.
974 828 1119 884 Atque
1155 826 1214 868 ita
1239 825 1384 869 decem
1407 825 1675 869 senatoribus

319 905 552 948 interfectis
567 939 578 961 ‚
607 905 758 948 urbem
782 904 947 964 legibus
973 905 1060 947 suis
1087 904 1285 947 reddidit.
1314 906 1406 948 Nec
1421 904 1559 947 multo
1578 915 1677 965 post

318 985 426 1044 ipse,
453 982 640 1026 affectati
666 983 790 1042 regni
813 991 1055 1037 accusatus,
1083 981 1290 1041 duplicis,
1317 992 1359 1025 et
1383 983 1427 1026 in
1455 982 1544 1026 filio
1567 993 1608 1026 et
1632 984 1675 1026 in

317 1061 475 1120 patria,
500 1059 716 1120 parricidii
738 1075 885 1120 poenas
905 1059 1033 1102 dedit.
1053 1061 1166 1103 Huic
1186 1062 1317 1120 Mago
1338 1062 1572 1121 imperator
1586 1077 1678 1104 suc-

317 1139 468 1194 cessit,
494 1139 616 1199 cujus
638 1137 851 1181 industria
874 1147 917 1181 et
939 1154 1041 1199 opes
1062 1138 1510 1199 Carthaginiensium,
1537 1149 1579 1183 et
1599 1141 1676 1183 im-

316 1218 425 1276 perii
450 1216 577 1272 fines,
600 1226 642 1260 et
668 1214 829 1260 bellicae
851 1215 995 1277 gloriae
1017 1216 1188 1273 laudes,
1216 1227 1457 1260 creverunt.
