1783 3282
488 269 517 303 Η
525 270 751 305 ISTORIAS
783 270 1095 307 PHILIPPICAS.
1405 275 1450 309 23
1459 288 1476 319 7

105 360 210 383 error
231 347 384 391 ,Iustini,
412 359 520 394 quem
541 347 809 381 demonstravit
832 347 995 394 Scaliger
1014 350 1060 382 de
1080 350 1236 384 Emend.
1257 357 1476 397 temporum,

102 422 131 443 c.
153 421 187 453 V,
210 421 246 456 p.
275 413 360 451 224.

154 472 236 504 CAP.
264 470 332 504 IX.
362 470 507 515 Lysias.
540 471 677 505 Orator
717 469 958 512 atheniensis,
985 470 1230 515 Syracusanus
1255 480 1406 508 vocatur
1429 474 1479 508 ob

102 543 282 577 proavum
302 543 407 565 suum
427 531 627 578 Cephalum
640 559 648 575 ,
669 531 731 578 qui
751 530 939 578 Syracusis
952 530 1114 564 Athenas
1132 531 1355 577 migraverat
1375 548 1382 568 :
1402 535 1478 570 vid.

103 594 362 626 Pmuncunm
388 593 425 626 in
455 593 550 627 Vitis
576 593 731 634 rhetor„
757 605 792 639 p.
810 590 895 626 835.

158 653 424 699 Hippolochus.
458 654 493 687 Is
523 653 600 687 sine
630 653 748 687 dubio
776 653 875 687 idem
907 660 960 688 est
986 666 1095 699 quem
1122 654 1294 700 Xenoph.
1320 655 1357 688 in
1383 657 1477 692 Hist.

96 718 245 752 ἔντεα-α,
279 718 326 748 11,
361 709 400 748 4,
437 708 455 749 ς
483 718 549 752 19,
584 705 883 752 Hc'ppomaclnmz
915 705 1134 739 nominavit.
1166 706 1283 740 Error
1311 708 1444 743 Justini
1470 723 1477 743 :

102 778 188 800 nam
215 766 472 813 Hippolochus
500 773 677 813 tyrannus
707 779 751 801 eo
776 767 851 801 sato
875 766 1019 801 functus
1042 779 1120 801 esse
1145 767 1193 801 ab
1218 767 1366 802 nemine
1389 782 1478 803 nar-

100 833 213 861 ratur.

586 897 646 931 IN
676 898 900 932 LIBRUM
931 898 998 932 VI.

151 997 208 1031 De
233 995 339 1042 hujus
365 996 452 1030 libri
480 995 647 1030 fontibus
674 995 803 1030 eadem
828 997 972 1039 valent,
998 1009 1077 1043 quae
1098 998 1145 1032 de
1170 998 1361 1045 superiore
1383 1000 1480 1035 dicta

99 1065 195 1093 sunt.

153 1121 236 1155 Cap.
264 1121 293 1154 1.
325 1119 570 1166 Dercyllides.
598 1119 735 1154 Mirum
765 1125 818 1153 est
848 1131 924 1153 non
959 1120 1078 1154 solum
1108 1121 1218 1156 codd.
1244 1134 1357 1157 manu
1385 1124 1480 1158 scri-

98 1188 184 1227 ptos
211 1180 350 1215 Justini
377 1187 412 1215 et
434 1180 578 1223 Orosii,
606 1180 671 1226 qui
697 1192 781 1214 eum
807 1180 1022 1227 exscripsit,
1050 1182 1115 1217 sed
1143 1182 1253 1217 etiam
1280 1184 1480 1231 plerosque

100 1242 210 1276 codd.
240 1241 393 1288 Prologi
423 1254 462 1275 VI
495 1248 530 1275 et
563 1241 681 1287 ipsum
713 1241 879 1287 Pompeii
915 1242 1032 1289 Trogi
1061 1243 1310 1290 fragmentum
1342 1258 1359 1278 a
1395 1246 1478 1280 Pri—

100 1303 225 1337 sciano
248 1315 311 1345 vr,
332 1315 365 1348 p.
393 1300 485 1348 259,
508 1301 565 1336 ed.
592 1302 742 1343 Krehl„
769 1309 953 1336 servatum
979 1303 1144 1349 praebere
1166 1305 1396 1351 Hercyllides
1421 1307 1480 1342 vel

100 1365 317 1398 Herculides
340 1376 351 1396 :
375 1363 441 1398 sed
466 1363 573 1409 graeci
595 1375 724 1397 omnes
747 1365 967 1413 Δερκυλλίδας.

152 1425 235 1460 Car.
263 1425 331 1458 III.
360 1424 485 1470 Pingit
511 1423 571 1458 hic
610 1424 782 1470 proelium
811 1425 858 1459 ad
895 1424 1054 1459 Cnidum
1082 1425 1237 1472 factum,
1264 1428 1402 1476 olymp.
1432 1429 1481 1476 96

99 1499 130 1520 a.
156 1497 202 1530 23
228 1486 292 1520 sed
315 1485 434 1532 capite
459 1485 627 1532 sequenti
647 1485 813 1532 quaedam
836 1492 962 1520 narrat
983 1494 1069 1521 ante
1092 1487 1184 1522 illud
1207 1496 1330 1536 gesta3
1354 1491 1481 1537 paullo

100 1554 184 1593 post
206 1547 414 1594 Agesilaum
433 1558 477 1580 ex
493 1546 576 1581 Asia
595 1546 643 1580 ab
663 1547 954 1582 Lacedaemoniis
972 1556 1186 1584 revocatum
1197 1549 1331 1585 iterum
1349 1552 1481 1597 refert,

101 1622 214 1655 quum
232 1609 309 1654 jam
329 1608 366 1642 in
390 1606 464 1642 fine
482 1620 560 1654 cap.
584 1620 639 1649 11,
659 1608 705 1642 de
731 1608 859 1642 eadem
879 1621 919 1643 re
938 1621 983 1643 ex
1002 1609 1082 1644 aliis
1103 1611 1211 1656 plane
1230 1613 1346 1647 causis
1364 1613 1456 1648 facta
1471 1640 1481 1657 ,

101 1670 265 1704 dixisset.
297 1670 412 1704 Caute
444 1669 556 1716 igitur
585 1669 827 1713 versandum,
860 1671 1013 1716 quando
1042 1671 1236 1707 historiam
1264 1686 1309 1708 ex
1334 1674 1480 1709 Justino

101 1732 272 1778 petimus.

153 1793 236 1827 Ciu).
267 1793 330 1827 IV.
363 1793 544 1826 Terrestre
568 1793 755 1838 proelium.
786 1792 886 1827 Dicit
911 1794 1083 1839 proelium
1109 1794 1155 1828 ad
1184 1794 1390 1831 Haliartum
1417 1809 1481 1831 ur-

101 1854 185 1888 bem
212 1855 249 1888 in
277 1853 418 1888 Boeotia
447 1865 478 1888 a.
510 1853 582 1900 394
608 1853 756 1888 factum.

159 1915 313 1949 Obviam
340 1914 437 1948 hosti
452 1915 672 1961 procedunt.
704 1915 932 1962 Intelligitur
957 1915 1017 1950 hic
1045 1916 1220 1962 proelium
1247 1918 1372 1964 paullo
1397 1925 1483 1965 post

101 1975 148 2010 ad
175 1975 416 2018 Corinthum,
446 1975 523 2010 sive
549 1976 672 2022 potius
699 1976 746 2010 ad
772 1977 950 2011 Nemeam
976 1976 1114 2012 flumen
1139 1978 1288 2014 factum.

152 2038 235 2071 CAP.
263 2037 327 2071 VI.
355 2037 491 2071 Narrat
518 2036 802 2072 famosissimam
832 2050 961 2084 pacem
987 2038 1212 2083 Antalcidae‚
1241 2052 1314 2086 qua
1343 2040 1481 2076 bellum

101 2097 373 2132 corinthiacum
399 2097 599 2131 diremtum
625 2104 690 2133 est.

157 2159 356 2194 Castellum
380 2170 517 2193 eorum.
544 2158 695 2192 Dictum
720 2168 887 2209 Κρῶμνον.

154 2221 237 2255 cip.
258 2220 340 2253 VII.
367 2219 543 2254 Thebani.
566 2220 653 2254 Non
675 2220 765 2263 soli,
794 2221 858 2255 sed
878 2234 959 2256 cum
985 2222 1109 2257 multis
1132 2222 1240 2258 sociis
1261 2236 1269 2257 :
1290 2223 1480 2258 Euboeen-

101 2282 229 2325 sibus,
264 2280 517 2315 Phocensibus
537 2307 546 2324 ‚
584 2281 856 2326 Locrensibus,
891 2283 1144 2319 Acarnanibus
1164 2311 1173 2328 ‚
1207 2284 1412 2319 Arcadibus
1447 2291 1483 2319 et

102 2342 211 2376 Eleis.
239 2342 421 2376 Narratur
446 2341 507 2375 hic
532 2342 671 2376 clarum
695 2343 868 2389 proelium
894 2344 940 2379 ad
967 2345 1199 2381 Mantineam
1225 2344 1271 2393 (a.
1299 2343 1401 2395 362).

155 2403 357 2438 CAP.VIII.
373 2403 620 2450 Postpaucos
638 2405 775 2439 deinde
792 2405 883 2439 dies.
901 2407 1021 2440 Immo
1036 2406 1159 2441 statim
1179 2406 1317 2441 obiisse
1330 2407 1481 2454 Epami-

103 2464 268 2498 nondam
289 2475 488 2498 consensus
511 2465 679 2499 omnium
700 2465 921 2511 scriptorum
945 2474 1048 2501 extra
1069 2467 1341 2503 dubitationem
1362 2467 1480 2514 ponit.

578 2581 635 2614 IN
665 2581 886 2615 LIBRUM
914 2583 1010 2617 VII.

157 2680 237 2715 Hoc
263 2682 410 2715 tandem
439 2683 536 2716 libro
566 2683 749 2729 incipiunt
774 2683 844 2717 illae
870 2684 1050 2727 historiae,
1080 2697 1158 2731 quae
1186 2692 1222 2718 et
1244 2681 1481 2729 Theopompi
