1783 3282
87 264 458 278 ΣΣΣΣΜἋΙᾺΜΜΨΝᾺἋ
464 266 709 278 ΝΙΑᾺΝῚΙΝᾛᾺΝΣΙΝΜῚ
714 266 1209 281 Ὰνὶυῦυἱιννδὶιῑιὶωἱῑννιιυὶινδὶ
1215 269 1273 281 ΝΝἎ
1278 270 1381 282 uwwtxnt
1387 270 1395 280 ἱ
1402 270 1409 280 Ι
1417 270 1446 280 ιὪ

538 476 793 533 LIBER
838 477 1000 532 XIV.

88 906 121 947 Ι.
160 868 436 959 EUMENES,
458 914 505 947 ut
534 904 785 948 Perdiccam
810 906 1022 959 occisum,
1053 922 1096 947 se
1121 905 1288 948 hostem
1313 922 1337 947 a
1362 908 1454 948 Ma·

89 983 325 1026 cedonibus
337 983 600 1042 judicatum,
622 982 872 1042 bellumque
896 985 1118 1043 Antigono
1140 983 1364 1028 decretum
1385 1001 1454 1027 co-

88 1062 259 1120 gnovit,
290 1060 406 1104 ultro
442 1078 490 1104 ea
524 1061 734 1105 militibus
763 1062 849 1106 suis
883 1061 1110 1116 indicavit,
1143 1078 1196 1105 ne
1232 1062 1346 1106 fama
1378 1072 1453 1105 aut

89 1156 178 1183 rem
208 1141 252 1182 in
282 1142 420 1201 majus
449 1140 696 1194 extolleret,
717 1151 792 1184 aut
815 1140 1004 1184 militum
1026 1142 1192 1184 animos
1217 1158 1361 1184 rerum
1383 1158 1454 1183 no-

89 1220 219 1263 vitate
245 1229 444 1274 terreret,
474 1219 621 1275 simul,
641 1229 706 1274 ut,
736 1219 955 1279 quomodo
978 1221 1093 1262 circa
1119 1236 1162 1263 se
1187 1221 1365 1262 animati
1387 1236 1453 1262 es-

89 1308 201 1353 sent,
226 1307 528 1358 cognosceret,
549 1308 803 1358 sumpturus
821 1297 1051 1341 consilium
1072 1315 1123 1341 ex
1137 1308 1259 1342 motu
1278 1298 1453 1340 univer-

88 1392 248 1419 sorum.
271 1378 535 1419 Constanter
556 1386 700 1420 tamen
720 1377 922 1437 praefatus
945 1388 1009 1420 est
1034 1395 1042 1420 :
1069 1378 1144 1420 «Si
1173 1378 1240 1420 cui
1264 1377 1355 1420 haec
1370 1386 1454 1420 ter·

88 1456 176 1498 rori
205 1465 366 1511 essent,
399 1456 558 1499 habere
594 1473 692 1499 eum
731 1456 978 1500 discedendi
1013 1466 1320 1516 potestatem.»
1355 1458 1454 1513 Qua

89 1551 194 1578 voce
223 1535 330 1578 adeo
355 1546 537 1579 cunctos
564 1537 607 1578 in
632 1536 824 1579 studium
848 1536 1038 1595 partium
1067 1552 1244 1578 suarum
1263 1535 1453 1587 induxit,

91 1623 136 1657 ut
152 1614 266 1657 ultro
281 1614 403 1658 illum
415 1631 564 1658 omnes
576 1615 872 1668 hortarentur,
886 1615 1271 1673 «Rescissurosque
1286 1632 1328 1658 se
1340 1615 1454 1658 ferro

90 1692 263 1736 decreta
277 1693 570 1737 Macedonum
592 1693 899 1736 affirmarent.»
917 1696 1040 1736 Tunc
1060 1695 1251 1736 exercitu
1275 1695 1319 1736 in
1339 1696 1456 1737 AEto-

91 1774 190 1818 liam
216 1783 441 1834 promoto,
471 1775 676 1833 pecunias
704 1774 950 1816 civitatibus
977 1775 1179 1833 imperat3
1206 1787 1455 1817 recusantes

91 1853 193 1896 dare
208 1852 423 1896 hostiliter
447 1853 608 1913 diripit.
630 1853 736 1896 Inde
757 1852 911 1895 Sardes
930 1852 1150 1911 profectus
1169 1862 1230 1895 est
1254 1852 1308 1895 ad
1328 1851 1455 1895 Cleo·

91 1942 279 1992 patram,
309 1948 501 1975 sororem
529 1931 764 1975 Alexandri
791 1933 958 1991 Magni,
988 1941 1035 1973 ut
1061 1932 1152 1990 ejus
1178 1947 1282 1974 voce
1307 1940 1456 1973 centu-

91 2012 233 2054 riones
247 2011 548 2070 principesque
561 2010 856 2065 confirmaret,
878 2011 1218 2065 existimaturos,
1235 2010 1292 2054 ibi
1308 2008 1458 2068 majes—

91 2099 225 2133 tatem
252 2091 416 2149 regiam
444 2091 574 2142 verti,
606 2089 719 2132 unde
743 2106 865 2132 soror
892 2088 1125 2132 Alexandri
1153 2098 1298 2131 staret.
1320 2090 1456 2131 Tanta

91 2170 313 2212 veneratio
337 2169 648 2228 magnitudinis
669 2167 905 2211 Alexandri
925 2178 1036 2221 erat,
1059 2177 1109 2210 ut
1128 2168 1256 2210 etiam
1275 2185 1351 2228 per
1365 2184 1458 2210 ves-

92 2248 197 2307 tigia
228 2247 460 2290 mulierum
490 2247 612 2289 favor
650 2248 805 2289 sacrati
837 2248 928 2306 ejus
958 2248 1144 2290 nominis
1177 2255 1455 2305 quaereretur.

93 2327 245 2382 Quum
280 2341 474 2369 reversus
516 2326 560 2367 in
596 2335 734 2368 castra
767 2335 894 2381 esset,
936 2325 1125 2385 epistolae
1165 2327 1266 2369 totis
1309 2325 1458 2368 castris

93 2406 268 2464 abjectae
296 2405 578 2446 inveniuntur
600 2421 608 2446 :
627 2404 785 2463 quibus
805 2405 878 2459 iis,
909 2406 986 2463 qui
1020 2405 1226 2448 Eumenis
1247 2413 1378 2463 eaput
1405 2403 1456 2447 ad

94 2484 366 2543 Antigonum
405 2482 679 2536 detulissent,
717 2500 872 2543 magna
908 2485 1085 2543 praemia
1124 2483 1455 2527 definiebantur.

93 2562 170 2605 His
191 2561 395 2621 cognitis,
419 2563 655 2615 Eumenes,
677 2563 841 2605 vocatis
863 2562 916 2605 ad
947 2564 1202 2606 concionem
1226 2561 1456 2612 militibus,

95 2640 238 2700 primo
254 2640 412 2699 gratias
432 2639 539 2699 agit,
555 2640 714 2696 «Quod
736 2657 863 2683 nemo
882 2641 1083 2685 inventus
1099 2652 1227 2696 esset,
1248 2642 1321 2700 qui
1338 2657 1456 2700 spem
