1783 3282
43 254 727 270 mmmmmrmmmmumvtmmwmx
732 254 945 268 vum-mmmmm«
949 257 974 267 ax
980 255 1034 267 unm
1041 257 1101 269 ιννψ
1107 256 1149 268 vx&
1153 256 1165 268 x
1169 255 1226 267 vxx‘t
1231 254 1350 267 mmm
1354 255 1414 268 ww

466 456 721 512 LIBER
763 455 998 511 XVIII.

47 887 81 927 I.
124 850 308 931 IGITUR
342 885 554 944 Pyrrhus,
581 899 656 927 rex
694 884 840 943 Epiri,
877 900 1012 943 quum
1043 884 1195 927 iterata
1226 885 1424 927 Tarenti-

49 980 205 1006 norum
232 962 463 1023 legatione,
492 962 649 1006 additis
678 964 922 1006 Samnitum
952 973 993 1006 et
1018 965 1299 1006 Lucanorum
1328 980 1426 1023 pre-

49 1043 194 1096 cibus,
221 1052 262 1085 et
289 1043 393 1103 ipsis
423 1041 584 1086 auxilio
612 1042 817 1085 adversus
850 1044 1075 1085 Romanos
1103 1042 1426 1103 indigentibus,

50 1122 319 1182 fatigaretur,
347 1139 433 1166 non
470 1132 557 1165 tam
585 1121 832 1182 supplicum
862 1122 1081 1181 precibus,
1107 1139 1238 1182 quam
1266 1139 1341 1182 spe
1368 1123 1428 1165 in-

50 1201 236 1245 vadendi
262 1201 396 1245 Italiae
426 1202 596 1262 imperii
621 1201 847 1255 inductus,
873 1211 1104 1245 venturum
1131 1219 1174 1245 se
1190 1219 1289 1245 cum
1313 1219 1429 1245 exer-

51 1282 141 1324 citu
163 1279 407 1340 pollicetur.
437 1283 488 1324 In
517 1297 648 1340 quam
678 1297 769 1324 rem
795 1279 1051 1324 inclinatum
1077 1279 1205 1324 semel
1232 1282 1428 1324 animum

53 1360 318 1420 praecipitem
351 1376 477 1420 agere
506 1369 726 1419 coeperant
754 1358 948 1419 exempla
989 1359 1204 1419 majorum
1235 1377 1243 1403 :
1275 1376 1327 1403 ne
1354 1369 1429 1403 aut

55 1438 234 1481 inferior
260 1448 419 1498 patruo
446 1455 524 1482 suo
551 1437 802 1482 Alexandro
827 1437 1064 1493 videretur,
1092 1455 1181 1498 quo
1208 1439 1431 1484 defensore

55 1517 181 1561 iidem
206 1518 430 1561 Tarentini
456 1517 661 1561 adversus
685 1518 858 1561 Brutios
876 1518 942 1560 usi
972 1518 1163 1574 fuerant,
1190 1528 1265 1561 aut
1288 1519 1429 1561 mino·

55 1614 120 1641 res
147 1598 315 1641 animos
343 1599 507 1657 Magno
534 1596 783 1641 Alexandro
814 1596 1040 1650 habuisse,
1080 1597 1154 1656 qui
1184 1607 1272 1639 tam
1300 1595 1429 1657 longa

56 1693 78 1719 a
108 1675 238 1719 domo
264 1675 419 1719 militia
447 1677 671 1720 Orientem
699 1677 882 1736 subegit.
911 1676 1051 1736 Igitur
1077 1674 1229 1719 relicto
1254 1674 1433 1719 custode

57 1755 176 1815 regni
200 1753 290 1797 filio
316 1754 569 1810 Ptolemaeo,
588 1771 726 1797 annos
742 1771 804 1798 xv
823 1765 945 1809 nato,
970 1755 1205 1798 exercitum
1232 1755 1275 1797 in
1302 1763 1432 1814 portu

57 1834 298 1877 Tarentino
329 1835 533 1894 exponit,
564 1834 734 1877 duobus
756 1833 948 1894 parvulis
971 1832 1089 1889 filiis,
1119 1832 1365 1878 Alexandro
1393 1844 1435 1877 et

58 1912 245 1966 Heleno,
266 1913 309 1955 in
333 1912 487 1956 solatia
516 1912 766 1973 longinquae
789 1929 933 1957 secum
960 1913 1247 1974 expeditionis
1272 1913 1435 1957 adduc-

58 1994 126 2036 tis.
149 1993 286 2053 Cujus
314 1992 463 2036 audito
484 1992 695 2046 adventu,
721 1991 872 2036 consul
898 2009 1104 2036 romanus
1121 1991 1323 2036 Valerius
1346 1994 1437 2037 Lae-

60 2073 207 2124 vinus,
236 2072 464 2125 festinans,
493 2081 542 2116 ut
571 2073 693 2132 prius
719 2089 819 2116 cum
846 2089 896 2115 eo
925 2071 1279 2132 congrederetur,
1303 2089 1433 2132 quam

60 2150 220 2195 auxilia
250 2151 467 2195 sociorum
496 2152 800 2206 convenirent,
830 2152 1065 2194 exercitum
1095 2151 1138 2193 in
1161 2151 1294 2194 aciem
1328 2151 1433 2194 edu-

60 2231 131 2273 cit.
147 2231 238 2274 Nec
259 2246 334 2273 rex
349 2265 360 2283 ,
388 2230 557 2273 tametsi
579 2246 760 2273 numero
784 2229 972 2273 militum
995 2229 1174 2273 inferior
1193 2239 1325 2284 esset,
1349 2246 1439 2274 cer-

62 2310 214 2352 tamini
238 2325 409 2352 moram
438 2308 550 2352 fecit.
579 2308 661 2352 Sed
679 2312 901 2353 Romanos
929 2309 1150 2352 vincentes
1170 2309 1280 2368 jam,
1305 2310 1440 2353 inusi-

64 2398 151 2431 tata
168 2398 267 2431 ante
285 2386 619 2446 elephantorum
639 2387 779 2431 forma
803 2397 977 2448 stupere
995 2388 1138 2448 primo
1150 2423 1160 2442 ,
1176 2404 1277 2431 mox
1292 2387 1441 2431 cedere

64 2466 216 2526 proelio
243 2467 405 2526 coegit,
430 2467 701 2526 victoresque
724 2467 814 2526 jam
840 2483 953 2509 nova
975 2466 1268 2510 Macedonum
1291 2483 1439 2511 mons-

65 2555 132 2588 tra
156 2555 331 2606 repente
346 2545 556 2588 vicerunt.
578 2546 670 2589 Nec
688 2546 886 2589 hostibus
902 2548 1128 2590 incruenta
1144 2546 1328 2589 victoria
1344 2546 1438 2590 fuit.

66 2626 176 2668 Nam
205 2634 244 2667 et
275 2626 366 2683 ipse
390 2624 583 2683 Pyrrhus
609 2626 798 2683 graviter
826 2624 1077 2668 vulneratus
1104 2635 1195 2680 est,
1226 2634 1268 2668 et
1284 2640 1438 2685 magna
