1783 3282
336 308 357 342 8
923 304 1110 339 JUSTINI

334 391 489 434 lucano
521 398 735 448 tempore,
759 389 850 431 ruri
884 389 966 431 iter
997 390 1211 447 ingressus
1236 387 1413 429 obvium
1437 385 1583 428 habuit
1615 401 1702 427 scr-

333 486 435 512 vum
481 468 533 511 de
577 467 793 528 ergastulo
823 467 1044 527 cujusdam
1083 465 1225 521 Medi,
1262 466 1437 508 nomine
1467 465 1699 507 Soebarem.

333 548 472 607 Hujus
508 547 713 606 requisita
747 547 939 606 origine,
964 554 1011 588 ut
1047 546 1090 587 in
1123 545 1262 587 Persis
1293 545 1489 604 genitum
1512 543 1701 597 audivit,

332 626 518 686 demptis
551 625 852 685 compedibus,
887 633 1195 683 assumptoque
1229 625 1404 677 comite,
1436 621 1700 682 Persepolim

331 705 587 766 regreditur.
610 704 676 747 Ibi
717 712 955 747 convocato
989 700 1173 763 populo,
1192 701 1315 761 jubet
1354 717 1507 744 omnes
1544 710 1700 760 praesto

331 801 431 828 cum
471 783 694 828 securibus
733 799 841 838 esse,
870 792 912 825 et
949 781 1100 825 silvam
1134 781 1211 823 viae
1244 779 1556 823 circumdatam
1589 779 1702 822 exci-

333 863 448 907 dere.
473 861 606 919 Quod
635 878 770 921 quum
801 871 974 905 strenue
997 861 1216 913 fecissent,
1242 859 1414 902 eosdem
1437 868 1609 918 postera
1633 857 1701 900 die

331 943 550 1003 apparatis
580 940 718 1001 epulis
751 941 918 983 invitat.
953 939 1144 993 Deinde,
1173 954 1306 997 quum
1346 937 1573 980 alacriores
1608 938 1701 996 ipso

331 1022 532 1065 convivio
560 1021 693 1064 factos
728 1019 913 1073 videret,
954 1027 1103 1078 rogat,
1132 1036 1151 1056 «
1179 1017 1222 1060 Si
1257 1016 1448 1059 conditio
1484 1032 1702 1076 propona-

332 1110 416 1156 tur,
445 1101 584 1143 utrius
618 1100 716 1142 vitae
751 1107 910 1141 sortem
947 1095 1113 1156 legant,
1145 1096 1393 1138 hesternine
1428 1094 1607 1150 laboris,
1647 1111 1702 1138 an

331 1179 608 1238 praesentium
643 1175 903 1237 epularum?
943 1175 1242 1235 praesentium,
1276 1194 1295 1214 >2
1332 1184 1378 1217 ut
1413 1173 1703 1217 acclamavere

331 1274 504 1312 omnes,
523 1258 582 1300 ait
605 1273 613 1299 :
635 1275 655 1296 «
672 1259 884 1300 Hesterno
909 1253 1093 1298 similem
1119 1253 1257 1296 labori
1278 1270 1454 1297 omnem
1476 1255 1608 1298 vitam
1634 1271 1704 1297 ac—

332 1346 476 1392 turos,
526 1335 669 1397 quoad
706 1335 847 1379 Medis
888 1344 1070 1394 pareant
1110 1351 1118 1375 2
1161 1349 1204 1377 se
1244 1343 1436 1389 secutos,
1480 1333 1702 1377 hodiernis

332 1415 482 1476 epulis.
512 1437 532 1457 n
555 1417 683 1459 Laetis
711 1414 933 1469 omnibus,
964 1412 1105 1456 Medis
1135 1411 1300 1456 bellum
1328 1413 1471 1456 infert.
1499 1416 1703 1473 Astyages

332 1496 475 1538 meriti
512 1496 577 1538 sui
609 1496 652 1537 in
682 1496 937 1553 Harpagum
970 1493 1153 1548 oblitus,
1176 1509 1391 1536 summam
1426 1490 1528 1535 belli
1561 1491 1701 1535 eidem

330 1575 563 1619 committit
588 1591 596 1616 :
621 1575 695 1633 qui
716 1574 954 1616 exercitum
978 1582 1204 1632 acceptum
1229 1573 1372 1615 statim
1395 1573 1509 1632 Cyro
1533 1588 1610 1632 per
1631 1571 1703 1614 de-

330 1653 538 1696 ditionem
567 1652 765 1708 tradidit,
791 1653 988 1712 regisque
1015 1651 1316 1695 crudelitatem
1352 1651 1532 1711 perfidia
1563 1651 1703 1695 defec-

331 1733 460 1775 tionis
495 1730 729 1775 ulciscitur.
755 1731 887 1788 Quod
920 1731 994 1774 ubi
1019 1733 1225 1791 Astyages
1249 1730 1439 1786 audivit,
1468 1732 1704 1774 contractis

331 1810 523 1870 undique
546 1808 734 1865 auxiliis,
756 1810 846 1870 ipse
870 1811 914 1852 in
937 1811 1088 1853 Persas
1113 1809 1427 1869 proficiscitur3
1451 1819 1493 1853 et
1516 1811 1702 1870 repetito

330 1888 514 1933 alacrius
543 1890 798 1944 certamine,
829 1889 1124 1949 pugnantibus
1153 1890 1262 1943 suis,
1290 1898 1460 1948 partem
1489 1890 1701 1933 exercitus

331 1986 355 2012 a
382 1978 502 2029 tergo
528 1969 673 2028 ponit,
701 1978 742 2011 et
772 1969 1102 2028 tergiversantes
1132 1968 1246 2011 ferro
1278 1968 1347 2029 agi
1380 1969 1425 2010 in
1457 1968 1602 2012 hostes
1634 1971 1704 2029 ju·

330 2050 426 2103 het;
451 2064 500 2091 ac
531 2047 759 2092 denuntiat
796 2049 880 2091 suis
904 2065 911 2090 :
931 2067 951 2087 «
969 2049 1027 2092 Ni
1056 2049 1300 2101 vincerent,
1327 2063 1414 2091 non
1447 2049 1590 2091 minus
1614 2048 1702 2092 for·

332 2138 392 2171 tes
425 2128 554 2171 etiam
588 2136 686 2186 post
720 2136 841 2187 terga
878 2128 1151 2182 inventuros,
1179 2143 1309 2186 quam
1339 2143 1362 2169 a
1390 2127 1607 2170 frontibus
1636 2129 1701 2170 vi-

330 2223 400 2250 ros
429 2224 438 2249 ·.
468 2205 652 2265 proinde
675 2204 872 2261 videant,
896 2205 1158 2266 fugientibus
1185 2207 1295 2261 haec,
1321 2222 1376 2249 an
1406 2205 1478 2249 illa
1504 2223 1703 2267 pugnau-

331 2286 445 2329 tibus
485 2285 595 2329 acies
633 2284 875 2344 rumpenda
909 2286 1021 2328 sit.»
1060 2287 1240 2346 Ingens,
1270 2295 1367 2345 post
1403 2287 1702 2329 necessitatem

330 2364 577 2426 pugnandi,
609 2365 778 2406 animus
806 2365 1012 2407 exercitui
1034 2374 1077 2407 et
1102 2365 1162 2408 vis
1189 2366 1376 2408 accessit.
1402 2364 1534 2409 Pulsa
1558 2366 1703 2425 itaque

330 2460 466 2502 quum
492 2445 722 2486 Persarum
750 2443 859 2486 acies
886 2442 1096 2502 paulatim
1126 2443 1316 2499 cederet,
1346 2454 1507 2487 matres
1530 2455 1574 2488 et
1601 2462 1703 2488 uxo-

330 2539 396 2566 res
419 2539 570 2565 eorum
597 2522 769 2565 obviam
792 2533 1028 2566 occurrunt
1053 2540 1060 2565 :
1091 2533 1240 2577 orant,
1268 2524 1309 2566 in
1336 2523 1537 2582 proelium
1561 2540 1702 2567 rever-

331 2611 492 2645 tantur.
530 2602 873 2657 Cunctantibus,
906 2601 1073 2645 sublata
1106 2612 1244 2657 veste,
1277 2603 1478 2646 obscoena
1508 2605 1702 2663 corporis

330 2680 583 2733 ostendunt,
609 2691 833 2741 rogantes,
859 2700 878 2719 α
899 2683 1017 2725 Num
1044 2682 1086 2724 in
1117 2691 1261 2725 uteros
1287 2691 1474 2725 matrum
1504 2681 1568 2724 vel
1599 2699 1699 2725 uxo-
