1783 3282
54 265 110 278 man
115 265 248 278 mum·
252 264 1373 284 ΝΜιωαΜω-ωωωιψΜΜ-Μιωωιωω-
1377 272 1427 286 *tw

502 478 762 534 LIBER
806 478 982 534 XIII.

49 910 82 951 I.
128 868 418 950 Exsnmm
437 906 481 949 in
500 906 594 966 ipso
612 907 749 950 aetatis
766 922 817 951 ac
832 908 1116 951 victoriarum
1134 909 1241 953 flore
1254 909 1437 955 Alexan-

55 985 134 1028 dro
160 987 347 1046 Magno,
374 987 496 1029 triste
520 985 637 1046 apud
662 1002 813 1030 omnes
848 996 938 1031 tota
966 987 1187 1047 Babylone
1213 988 1433 1034 silentium

55 1065 148 1108 fuit.
182 1065 267 1108 Sed
295 1082 375 1109 nec
409 1065 586 1109 devictae
619 1075 770 1126 gentes
805 1065 933 1109 fidem
970 1068 1127 1111 nuntio
1162 1068 1435 1121 habuerunt,

56 1144 174 1203 quod
202 1154 250 1187 ut
287 1145 500 1188 invictum
535 1161 704 1205 regem,
742 1146 802 1188 ita
842 1145 1134 1189 immortalem
1172 1164 1261 1191 esse
1296 1149 1437 1192 credi-

57 1223 230 1277 derant3
273 1223 574 1279 recordantes,
609 1224 798 1283 quoties,
839 1226 1042 1284 praesenti
1081 1235 1222 1269 morte
1261 1238 1435 1288 ereptus

58 1312 185 1354 esset,
211 1320 342 1363 quam
375 1319 486 1362 saepe
514 1319 594 1363 pro
630 1303 807 1359 amisso,
833 1313 1013 1363 repente
1042 1321 1086 1347 se
1114 1321 1205 1348 non
1230 1310 1435 1367 sospitem

60 1391 229 1425 tantum
256 1383 366 1436 suis,
393 1398 546 1424 verum
579 1383 711 1425 etiam
738 1383 950 1426 victorem
977 1383 1218 1428 obtulisset.
1249 1387 1310 1429 Ut
1334 1403 1436 1430 vero

59 1462 212 1504 mortis
244 1463 336 1522 ejus
369 1461 475 1504 fides
507 1461 670 1517 adfuit,
698 1478 850 1505 omnes
875 1462 1071 1506 barbarae
1108 1474 1281 1524 gentes,
1305 1465 1437 1526 paulo

58 1549 158 1584 ante
191 1541 244 1584 ab
275 1559 327 1584 eo
371 1541 569 1596 devictae,
594 1558 683 1584 non
720 1551 769 1584 ut
795 1542 988 1598 hostem,
1021 1543 1095 1586 sed
1128 1553 1176 1586 ut
1210 1556 1435 1604 parentem

60 1619 278 1663 luxerunt.
307 1622 451 1664 Mater
467 1637 642 1680 quoque
660 1622 786 1664 Darii
810 1622 948 1681 regis,
969 1638 1127 1681 quam,
1147 1624 1305 1667 amisso
1326 1623 1436 1681 filio,

59 1716 82 1742 a
108 1699 281 1760 fastigio
305 1710 436 1744 tantae
459 1702 696 1761 majestatis
725 1701 769 1743 in
788 1702 1087 1761 captivitatem
1104 1702 1351 1760 redactam,
1376 1706 1439 1748 in-

59 1779 284 1840 dulgentia
310 1781 507 1836 victoris,
542 1781 586 1823 in
616 1797 712 1824 eam
745 1780 860 1823 diem
898 1781 994 1823 vitae
1024 1798 1113 1823 non
1153 1784 1436 1842 poenituerat,

60 1859 206 1903 audita
231 1869 371 1902 morte
396 1859 654 1915 Alexandri,
677 1870 862 1903 mortem
884 1860 966 1903 sibi
986 1860 1079 1920 ipsa
1095 1862 1326 1910 conscivit;
1348 1880 1436 1906 non

60 1939 178 1999 quod
201 1940 372 1982 hostem
402 1937 492 1982 filio
521 1939 764 1998 praeferret,
797 1939 872 1983 sed
901 1939 1020 1999 quod
1050 1941 1258 2000 pietatem
1284 1941 1362 1985 filii
1392 1943 1436 1985 in

60 2036 131 2075 eo,
155 2036 284 2079 quem
310 2029 357 2062 ut
381 2020 549 2062 hostem
577 2019 801 2076 timuerat,
818 2029 996 2079 experta
1016 2030 1140 2063 esset.
1159 2022 1325 2065 Contra
1347 2024 1439 2066 Ma-

61 2098 244 2141 cedones
269 2098 417 2159 (versa
445 2098 571 2157 vice),
602 2115 691 2141 non
715 2108 766 2141 ut
791 2099 951 2155 civem,
977 2116 1027 2143 ac
1049 2109 1180 2143 tantae
1200 2101 1437 2160 majestatis

62 2194 229 2238 regem,
256 2194 409 2220 verum
434 2187 481 2219 ut
507 2178 677 2220 hostem
697 2178 906 2221 amissum
935 2179 1185 2239 gaudebant
1211 2183 1438 2225 :severita-

63 2267 149 2300 tem
174 2257 373 2311 nimiam,
396 2267 438 2299 et
470 2256 643 2299 assidua
670 2255 774 2299 belli
802 2257 997 2317 pericula
1029 2269 1314 2303 exsecrantes.
1342 2263 1438 2304 Huc

64 2336 314 2389 accedebat,
349 2336 466 2395 quod
501 2337 720 2396 principes
758 2353 943 2396 regnum
971 2346 1013 2380 et
1043 2338 1252 2397 imperia,
1283 2338 1438 2400 vulgus

65 2415 253 2458 militum
285 2415 510 2458 thesauros
546 2425 587 2459 et
611 2416 776 2476 grande
802 2416 974 2475 pondus
1006 2418 1126 2470 auri,
1152 2417 1269 2460 velut
1301 2419 1440 2478 inopi-

66 2505 211 2539 natam
233 2495 446 2555 praedam,
477 2496 749 2554 spectabant;
779 2494 840 2538 illi
872 2497 1190 2539 successionem
1219 2499 1367 2558 regni,
1394 2499 1438 2541 hi

67 2590 200 2634 opum
225 2590 273 2616 ac
298 2573 550 2616 divitiarum
571 2573 858 2616 hereditatem
885 2575 1139 2634 cogitantes.
1162 2578 1298 2619 Erant
1322 2578 1437 2619 enim

70 2655 113 2696 in
138 2654 350 2696 thesauris
377 2653 692 2711 quinquaginta
720 2650 856 2695 millia
888 2652 1116 2710 talentum,
1147 2664 1189 2697 et
1218 2655 1262 2697 in
1290 2671 1436 2698 annuo
