<?xml version="1.0" encoding="UTF-8"?>
<!DOCTYPE html PUBLIC "-//W3C//DTD XHTML 1.0 Transitional//EN"
    "http://www.w3.org/TR/xhtml1/DTD/xhtml1-transitional.dtd">
<html xmlns="http://www.w3.org/1999/xhtml" xml:lang="en" lang="en">
 <head>
  <title>
</title>
<meta http-equiv="Content-Type" content="text/html;charset=utf-8" />
  <meta name='ocr-system' content='tesseract 3.04.00' />
  <meta name='ocr-capabilities' content='ocr_page ocr_carea ocr_par ocr_line ocrx_word'/>
</head>
<body>
  <div class='ocr_page' id='page_1' title='image "./historiarumphili01justuoft_0252.png"; bbox 0 0 1783 3282; ppageno 0'>
   <div class='ocr_carea' id='block_1_1' title="bbox 239 365 1262 402">
    <p class='ocr_par' dir='ltr' id='par_1_1' title="bbox 239 365 1262 402">
     <span class='ocr_line' id='line_1_1' title="bbox 239 365 1262 402; baseline 0.001 -2"><span class='ocrx_word' id='word_1_1' title='bbox 239 366 309 400; x_wconf 69' lang='lat'>250</span> <span class='ocrx_word' id='word_1_2' title='bbox 583 367 962 402; x_wconf 81' lang='lat' dir='ltr'><strong>ADNOTATIONES</strong></span> <span class='ocrx_word' id='word_1_3' title='bbox 994 366 1045 399; x_wconf 87' lang='grc' dir='ltr'>ΙΝ</span> <span class='ocrx_word' id='word_1_4' title='bbox 1074 365 1262 401; x_wconf 90' lang='lat' dir='ltr'><strong>JUSTINI</strong></span> 
     </span>
    </p>
   </div>
   <div class='ocr_carea' id='block_1_2' title="bbox 235 441 1605 601">
    <p class='ocr_par' dir='ltr' id='par_1_2' title="bbox 235 441 1605 601">
     <span class='ocr_line' id='line_1_2' title="bbox 290 441 1605 483; baseline 0.002 -7"><span class='ocrx_word' id='word_1_5' title='bbox 290 444 373 477; x_wconf 64' lang='grc' dir='ltr'><strong>(ΖΑΓ.</strong></span> <span class='ocrx_word' id='word_1_6' title='bbox 401 443 446 476; x_wconf 89' lang='lat'>11.</span> <span class='ocrx_word' id='word_1_7' title='bbox 481 444 523 476; x_wconf 83' lang='lat' dir='ltr'>In</span> <span class='ocrx_word' id='word_1_8' title='bbox 549 443 677 477; x_wconf 82' lang='lat' dir='ltr'><em>Sicilia</em></span> <span class='ocrx_word' id='word_1_9' title='bbox 701 445 736 477; x_wconf 81' lang='grc' dir='ltr'><em>ιή</em></span> <span class='ocrx_word' id='word_1_10' title='bbox 765 446 902 483; x_wconf 75' lang='lat' dir='ltr'>locum,</span> <span class='ocrx_word' id='word_1_11' title='bbox 939 448 1006 477; x_wconf 78' lang='lat' dir='ltr'>etc.</span> <span class='ocrx_word' id='word_1_12' title='bbox 1041 441 1110 475; x_wconf 76' lang='lat' dir='ltr'>Hic</span> <span class='ocrx_word' id='word_1_13' title='bbox 1148 442 1312 476; x_wconf 83' lang='lat' dir='ltr'>Justinus</span> <span class='ocrx_word' id='word_1_14' title='bbox 1338 444 1495 478; x_wconf 84' lang='lat' dir='ltr'>duorum</span> <span class='ocrx_word' id='word_1_15' title='bbox 1521 445 1605 478; x_wconf 84' lang='lat' dir='ltr'>bel-</span> 
     </span>
     <span class='ocr_line' id='line_1_3' title="bbox 235 501 1605 551; baseline 0.001 -13"><span class='ocrx_word' id='word_1_16' title='bbox 235 504 377 546; x_wconf 87' lang='lat' dir='ltr'>lorum,</span> <span class='ocrx_word' id='word_1_17' title='bbox 403 504 551 540; x_wconf 74' lang='lat' dir='ltr'>alterius</span> <span class='ocrx_word' id='word_1_18' title='bbox 577 517 593 538; x_wconf 84' lang='lat' dir='ltr'>a</span> <span class='ocrx_word' id='word_1_19' title='bbox 621 503 693 547; x_wconf 69' lang='lat'>405</span> <span class='ocrx_word' id='word_1_20' title='bbox 720 517 738 538; x_wconf 80' lang='lat' dir='ltr'>a</span> <span class='ocrx_word' id='word_1_21' title='bbox 767 506 805 538; x_wconf 90' lang='lat' dir='ltr'>C.</span> <span class='ocrx_word' id='word_1_22' title='bbox 827 503 870 537; x_wconf 83' lang='lat' dir='ltr'>N.</span> <span class='ocrx_word' id='word_1_23' title='bbox 895 501 1004 548; x_wconf 78' lang='lat' dir='ltr'>gesti,</span> <span class='ocrx_word' id='word_1_24' title='bbox 1032 502 1180 537; x_wconf 82' lang='lat' dir='ltr'>alterius</span> <span class='ocrx_word' id='word_1_25' title='bbox 1207 503 1253 536; x_wconf 83' lang='lat' dir='ltr'>ab</span> <span class='ocrx_word' id='word_1_26' title='bbox 1276 503 1467 551; x_wconf 70' lang='lat'><strong>398—396,</strong></span> <span class='ocrx_word' id='word_1_27' title='bbox 1486 505 1605 539; x_wconf 72' lang='lat' dir='ltr'>histo-</span> 
     </span>
     <span class='ocr_line' id='line_1_4' title="bbox 238 564 748 601; baseline 0 -2"><span class='ocrx_word' id='word_1_28' title='bbox 238 564 331 599; x_wconf 82' lang='lat' dir='ltr'>riam</span> <span class='ocrx_word' id='word_1_29' title='bbox 351 565 493 601; x_wconf 88' lang='lat' dir='ltr'>miscuit</span> <span class='ocrx_word' id='word_1_30' title='bbox 513 572 546 600; x_wconf 86' lang='lat' dir='ltr'>et</span> <span class='ocrx_word' id='word_1_31' title='bbox 573 565 748 600; x_wconf 81' lang='lat' dir='ltr'>confudit.</span> 
     </span>
    </p>
   </div>
   <div class='ocr_carea' id='block_1_3' title="bbox 711 699 1137 734">
    <p class='ocr_par' dir='ltr' id='par_1_3' title="bbox 711 699 1137 734">
     <span class='ocr_line' id='line_1_5' title="bbox 711 699 1137 734; baseline 0 -1"><span class='ocrx_word' id='word_1_32' title='bbox 711 700 766 733; x_wconf 91' lang='lat' dir='ltr'>IN</span> <span class='ocrx_word' id='word_1_33' title='bbox 801 699 1024 734; x_wconf 86' lang='lat' dir='ltr'>LIBRUM</span> <span class='ocrx_word' id='word_1_34' title='bbox 1053 700 1137 733; x_wconf 88' lang='lat' dir='ltr'>XX.</span> 
     </span>
    </p>
   </div>
   <div class='ocr_carea' id='block_1_4' title="bbox 239 807 1626 2505">
    <p class='ocr_par' dir='ltr' id='par_1_4' title="bbox 239 807 1612 975">
     <span class='ocr_line' id='line_1_6' title="bbox 293 807 1608 857; baseline 0.002 -15"><span class='ocrx_word' id='word_1_35' title='bbox 293 808 490 855; x_wconf 84' lang='lat' dir='ltr'>Pompeius</span> <span class='ocrx_word' id='word_1_36' title='bbox 523 808 560 841; x_wconf 87' lang='lat' dir='ltr'>in</span> <span class='ocrx_word' id='word_1_37' title='bbox 595 808 666 842; x_wconf 88' lang='lat' dir='ltr'>hoc</span> <span class='ocrx_word' id='word_1_38' title='bbox 691 807 787 842; x_wconf 91' lang='lat' dir='ltr'>libro</span> <span class='ocrx_word' id='word_1_39' title='bbox 815 807 979 842; x_wconf 87' lang='lat' dir='ltr'>historiis</span> <span class='ocrx_word' id='word_1_40' title='bbox 1010 807 1143 842; x_wconf 78' lang='lat' dir='ltr'>Timoei</span> <span class='ocrx_word' id='word_1_41' title='bbox 1168 808 1302 851; x_wconf 81' lang='lat' dir='ltr'>Siculi,</span> <span class='ocrx_word' id='word_1_42' title='bbox 1330 821 1482 855; x_wconf 84' lang='lat' dir='ltr'>quarum</span> <span class='ocrx_word' id='word_1_43' title='bbox 1507 809 1608 857; x_wconf 82' lang='lat' dir='ltr'>frag-</span> 
     </span>
     <span class='ocr_line' id='line_1_7' title="bbox 239 869 1612 916; baseline 0.003 -14"><span class='ocrx_word' id='word_1_44' title='bbox 239 876 363 904; x_wconf 83' lang='lat' dir='ltr'>menta</span> <span class='ocrx_word' id='word_1_45' title='bbox 379 869 526 916; x_wconf 83' lang='lat' dir='ltr'>collegit</span> <span class='ocrx_word' id='word_1_46' title='bbox 541 870 738 912; x_wconf 83' lang='lat' dir='ltr'>Goellerus,</span> <span class='ocrx_word' id='word_1_47' title='bbox 760 870 797 903; x_wconf 86' lang='lat' dir='ltr'>in</span> <span class='ocrx_word' id='word_1_48' title='bbox 821 869 919 904; x_wconf 86' lang='lat' dir='ltr'>libro</span> <span class='ocrx_word' id='word_1_49' title='bbox 941 870 988 902; x_wconf 81' lang='lat' dir='ltr'>de</span> <span class='ocrx_word' id='word_1_50' title='bbox 1013 869 1088 903; x_wconf 72' lang='lat' dir='ltr'>Situ</span> <span class='ocrx_word' id='word_1_51' title='bbox 1114 869 1404 914; x_wconf 79' lang='lat' dir='ltr'>Syracusarum,</span> <span class='ocrx_word' id='word_1_52' title='bbox 1432 871 1506 906; x_wconf 83' lang='lat' dir='ltr'>fere</span> <span class='ocrx_word' id='word_1_53' title='bbox 1531 872 1612 906; x_wconf 85' lang='lat' dir='ltr'>ubi-</span> 
     </span>
     <span class='ocr_line' id='line_1_8' title="bbox 242 937 500 975; baseline -0.004 -11"><span class='ocrx_word' id='word_1_54' title='bbox 242 941 314 975; x_wconf 89' lang='lat' dir='ltr'>que</span> <span class='ocrx_word' id='word_1_55' title='bbox 334 943 416 964; x_wconf 83' lang='lat' dir='ltr'>usus</span> <span class='ocrx_word' id='word_1_56' title='bbox 437 937 500 965; x_wconf 83' lang='lat' dir='ltr'>est.</span> 
     </span>
    </p>

    <p class='ocr_par' dir='ltr' id='par_1_5' title="bbox 294 991 1126 1039">
     <span class='ocr_line' id='line_1_9' title="bbox 294 991 1126 1039; baseline 0.001 -13"><span class='ocrx_word' id='word_1_57' title='bbox 294 992 378 1026; x_wconf 73' lang='lat' dir='ltr'>CAP.</span> <span class='ocrx_word' id='word_1_58' title='bbox 405 992 430 1025; x_wconf 89' lang='grc' dir='ltr'>Ι.</span> <span class='ocrx_word' id='word_1_59' title='bbox 456 991 615 1025; x_wconf 82' lang='lat' dir='ltr'>Groecos.</span> <span class='ocrx_word' id='word_1_60' title='bbox 638 992 663 1025; x_wconf 90' lang='lat'>1.</span> <span class='ocrx_word' id='word_1_61' title='bbox 687 1003 716 1025; x_wconf 82' lang='lat' dir='ltr'>e.</span> <span class='ocrx_word' id='word_1_62' title='bbox 739 992 811 1025; x_wconf 84' lang='lat' dir='ltr'>hoc</span> <span class='ocrx_word' id='word_1_63' title='bbox 832 992 915 1025; x_wconf 82' lang='lat' dir='ltr'>loco</span> <span class='ocrx_word' id='word_1_64' title='bbox 942 993 1126 1039; x_wconf 80' lang='lat' dir='ltr'>Pelasgos.</span> 
     </span>
    </p>

    <p class='ocr_par' dir='ltr' id='par_1_6' title="bbox 241 1051 1613 1222">
     <span class='ocr_line' id='line_1_10' title="bbox 297 1051 1612 1100; baseline -0.001 -13"><span class='ocrx_word' id='word_1_65' title='bbox 297 1053 446 1087; x_wconf 78' lang='lat' dir='ltr'><em>Falisci.</em></span> <span class='ocrx_word' id='word_1_66' title='bbox 474 1051 523 1086; x_wconf 90' lang='lat' dir='ltr'>Hi</span> <span class='ocrx_word' id='word_1_67' title='bbox 555 1052 701 1086; x_wconf 82' lang='lat' dir='ltr'>colonia</span> <span class='ocrx_word' id='word_1_68' title='bbox 726 1060 830 1086; x_wconf 80' lang='lat' dir='ltr'>erant</span> <span class='ocrx_word' id='word_1_69' title='bbox 860 1053 1107 1098; x_wconf 78' lang='lat' dir='ltr'>Argivorum,</span> <span class='ocrx_word' id='word_1_70' title='bbox 1140 1065 1206 1100; x_wconf 84' lang='lat' dir='ltr'>per</span> <span class='ocrx_word' id='word_1_71' title='bbox 1231 1053 1425 1095; x_wconf 83' lang='lat' dir='ltr'>Halesum,</span> <span class='ocrx_word' id='word_1_72' title='bbox 1452 1055 1612 1099; x_wconf 81' lang='lat' dir='ltr'>Agame-—</span> 
     </span>
     <span class='ocr_line' id='line_1_11' title="bbox 241 1112 1613 1159; baseline 0 -11"><span class='ocrx_word' id='word_1_73' title='bbox 241 1114 389 1149; x_wconf 86' lang='lat' dir='ltr'>mnonis</span> <span class='ocrx_word' id='word_1_74' title='bbox 420 1112 537 1147; x_wconf 85' lang='lat' dir='ltr'>filium</span> <span class='ocrx_word' id='word_1_75' title='bbox 558 1113 741 1159; x_wconf 85' lang='lat' dir='ltr'>spurium,</span> <span class='ocrx_word' id='word_1_76' title='bbox 763 1114 934 1149; x_wconf 80' lang='lat' dir='ltr'>deducta.</span> <span class='ocrx_word' id='word_1_77' title='bbox 959 1114 1044 1149; x_wconf 83' lang='lat' dir='ltr'>Vid.</span> <span class='ocrx_word' id='word_1_78' title='bbox 1060 1115 1409 1150; x_wconf 66' lang='lat' dir='ltr'>RAour-Rocnss&#39;rr.</span> <span class='ocrx_word' id='word_1_79' title='bbox 1423 1145 1431 1159; x_wconf 92' lang='lat'>,</span> <span class='ocrx_word' id='word_1_80' title='bbox 1460 1113 1553 1148; x_wconf 81' lang='lat' dir='ltr'>Hist.</span> <span class='ocrx_word' id='word_1_81' title='bbox 1568 1115 1613 1148; x_wconf 83' lang='lat' dir='ltr'>de</span> 
     </span>
     <span class='ocr_line' id='line_1_12' title="bbox 242 1174 1476 1222; baseline 0.001 -14"><span class='ocrx_word' id='word_1_82' title='bbox 242 1176 448 1217; x_wconf 57' lang='lat' dir='ltr'>l&#39;e&#39;tabliss„</span> <span class='ocrx_word' id='word_1_83' title='bbox 473 1175 544 1209; x_wconf 87' lang='lat' dir='ltr'>vol.</span> <span class='ocrx_word' id='word_1_84' title='bbox 570 1188 620 1218; x_wconf 80' lang='lat'>11,</span> <span class='ocrx_word' id='word_1_85' title='bbox 641 1187 677 1221; x_wconf 91' lang='lat' dir='ltr'>p.</span> <span class='ocrx_word' id='word_1_86' title='bbox 709 1187 799 1222; x_wconf 87' lang='lat'>119,</span> <span class='ocrx_word' id='word_1_87' title='bbox 827 1175 891 1222; x_wconf 86' lang='lat' dir='ltr'>qui</span> <span class='ocrx_word' id='word_1_88' title='bbox 910 1175 1094 1210; x_wconf 82' lang='lat' dir='ltr'>Justinum</span> <span class='ocrx_word' id='word_1_89' title='bbox 1116 1176 1251 1211; x_wconf 84' lang='lat' dir='ltr'>erroris</span> <span class='ocrx_word' id='word_1_90' title='bbox 1276 1174 1476 1210; x_wconf 88' lang='lat' dir='ltr'>convincit.</span> 
     </span>
    </p>

    <p class='ocr_par' dir='ltr' id='par_1_7' title="bbox 244 1235 1614 1402">
     <span class='ocr_line' id='line_1_13' title="bbox 295 1235 1612 1282; baseline 0 -12"><span class='ocrx_word' id='word_1_91' title='bbox 295 1237 446 1271; x_wconf 82' lang='lat' dir='ltr'>Nolani.</span> <span class='ocrx_word' id='word_1_92' title='bbox 468 1236 546 1270; x_wconf 80' lang='lat' dir='ltr'>Hos</span> <span class='ocrx_word' id='word_1_93' title='bbox 567 1236 628 1270; x_wconf 79' lang='lat' dir='ltr'>alii</span> <span class='ocrx_word' id='word_1_94' title='bbox 650 1235 905 1271; x_wconf 77' lang='lat' dir='ltr'>Chalcidicam</span> <span class='ocrx_word' id='word_1_95' title='bbox 926 1237 1112 1272; x_wconf 80' lang='lat' dir='ltr'>coloniam</span> <span class='ocrx_word' id='word_1_96' title='bbox 1140 1237 1295 1280; x_wconf 86' lang='lat' dir='ltr'>faciunt,</span> <span class='ocrx_word' id='word_1_97' title='bbox 1324 1236 1386 1272; x_wconf 85' lang='lat' dir='ltr'>alii</span> <span class='ocrx_word' id='word_1_98' title='bbox 1413 1237 1612 1282; x_wconf 81' lang='lat' dir='ltr'><em>Tyriorum,</em></span> 
     </span>
     <span class='ocr_line' id='line_1_14' title="bbox 244 1297 1614 1345; baseline 0.001 -14"><span class='ocrx_word' id='word_1_99' title='bbox 244 1297 337 1341; x_wconf 73' lang='lat' dir='ltr'>sive,</span> <span class='ocrx_word' id='word_1_100' title='bbox 361 1304 400 1331; x_wconf 86' lang='lat' dir='ltr'>ut</span> <span class='ocrx_word' id='word_1_101' title='bbox 419 1297 780 1332; x_wconf 82' lang='lat' dir='ltr'>Raoul-Rochettius</span> <span class='ocrx_word' id='word_1_102' title='bbox 806 1298 890 1332; x_wconf 92' lang='lat' dir='ltr'>loco</span> <span class='ocrx_word' id='word_1_103' title='bbox 918 1297 1066 1333; x_wconf 88' lang='lat' dir='ltr'>laudato</span> <span class='ocrx_word' id='word_1_104' title='bbox 1094 1298 1248 1333; x_wconf 84' lang='lat' dir='ltr'>feliciter</span> <span class='ocrx_word' id='word_1_105' title='bbox 1271 1297 1502 1341; x_wconf 83' lang='lat' dir='ltr'>emendavit,</span> <span class='ocrx_word' id='word_1_106' title='bbox 1527 1297 1614 1345; x_wconf 75' lang='lat' dir='ltr'>Sty-</span> 
     </span>
     <span class='ocr_line' id='line_1_15' title="bbox 248 1358 1246 1402; baseline 0.001 -10"><span class='ocrx_word' id='word_1_107' title='bbox 248 1371 430 1400; x_wconf 81' lang='lat' dir='ltr'>roeorum,</span> <span class='ocrx_word' id='word_1_108' title='bbox 458 1359 604 1394; x_wconf 80' lang='lat' dir='ltr'>Euhoeae</span> <span class='ocrx_word' id='word_1_109' title='bbox 633 1358 750 1402; x_wconf 86' lang='lat' dir='ltr'>urbis,</span> <span class='ocrx_word' id='word_1_110' title='bbox 783 1358 1059 1394; x_wconf 86' lang='lat' dir='ltr'>Atheniensium</span> <span class='ocrx_word' id='word_1_111' title='bbox 1081 1359 1246 1394; x_wconf 85' lang='lat' dir='ltr'>coloniae.</span> 
     </span>
    </p>

    <p class='ocr_par' dir='ltr' id='par_1_8' title="bbox 246 1419 1617 1585">
     <span class='ocr_line' id='line_1_16' title="bbox 300 1419 1613 1468; baseline 0 -14"><span class='ocrx_word' id='word_1_112' title='bbox 300 1419 437 1454; x_wconf 78' lang='lat' dir='ltr'>Sabini.</span> <span class='ocrx_word' id='word_1_113' title='bbox 470 1419 555 1454; x_wconf 87' lang='lat' dir='ltr'>Vid.</span> <span class='ocrx_word' id='word_1_114' title='bbox 585 1420 878 1462; x_wconf 74' lang='lat' dir='ltr'>RAonL-Rocn.‚</span> <span class='ocrx_word' id='word_1_115' title='bbox 904 1420 1013 1461; x_wconf 59' lang='lat' dir='ltr'><em>ibid„</em></span> <span class='ocrx_word' id='word_1_116' title='bbox 1052 1433 1087 1466; x_wconf 91' lang='lat' dir='ltr'>p.</span> <span class='ocrx_word' id='word_1_117' title='bbox 1130 1420 1198 1454; x_wconf 84' lang='lat'>113</span> <span class='ocrx_word' id='word_1_118' title='bbox 1237 1434 1316 1468; x_wconf 87' lang='lat' dir='ltr'>sqq.</span> <span class='ocrx_word' id='word_1_119' title='bbox 1358 1427 1392 1455; x_wconf 85' lang='lat' dir='ltr'>et</span> <span class='ocrx_word' id='word_1_120' title='bbox 1423 1421 1613 1455; x_wconf 67' lang='lat' dir='ltr'>Cmvssnu</span> 
     </span>
     <span class='ocr_line' id='line_1_17' title="bbox 250 1480 1617 1526; baseline 0.002 -13"><span class='ocrx_word' id='word_1_121' title='bbox 250 1480 417 1524; x_wconf 81' lang='lat' dir='ltr'>Italiam,</span> <span class='ocrx_word' id='word_1_122' title='bbox 445 1493 479 1526; x_wconf 86' lang='lat' dir='ltr'>p.</span> <span class='ocrx_word' id='word_1_123' title='bbox 503 1480 588 1522; x_wconf 67' lang='grc'>644.</span> <span class='ocrx_word' id='word_1_124' title='bbox 617 1480 673 1514; x_wconf 89' lang='lat' dir='ltr'>Ab</span> <span class='ocrx_word' id='word_1_125' title='bbox 695 1480 738 1514; x_wconf 84' lang='lat' dir='ltr'>iis</span> <span class='ocrx_word' id='word_1_126' title='bbox 767 1481 952 1515; x_wconf 76' lang='lat' dir='ltr'>Samnites</span> <span class='ocrx_word' id='word_1_127' title='bbox 977 1481 1050 1515; x_wconf 85' lang='lat' dir='ltr'>orti</span> <span class='ocrx_word' id='word_1_128' title='bbox 1077 1488 1191 1516; x_wconf 82' lang='lat' dir='ltr'>erant.</span> <span class='ocrx_word' id='word_1_129' title='bbox 1213 1481 1295 1516; x_wconf 91' lang='lat' dir='ltr'>Vid.</span> <span class='ocrx_word' id='word_1_130' title='bbox 1324 1481 1617 1523; x_wconf 56' lang='lat' dir='ltr'>Riout-Rocn„</span> 
     </span>
     <span class='ocr_line' id='line_1_18' title="bbox 246 1552 388 1585; baseline 0.014 -12"><span class='ocrx_word' id='word_1_131' title='bbox 246 1552 279 1585; x_wconf 82' lang='lat' dir='ltr'>p.</span> <span class='ocrx_word' id='word_1_132' title='bbox 307 1553 319 1574; x_wconf 94' lang='lat'>1</span> <span class='ocrx_word' id='word_1_133' title='bbox 333 1553 388 1584; x_wconf 76' lang='lat'>17.</span> 
     </span>
    </p>

    <p class='ocr_par' dir='ltr' id='par_1_9' title="bbox 247 1601 1620 1825">
     <span class='ocr_line' id='line_1_19' title="bbox 302 1601 1618 1648; baseline 0.001 -13"><span class='ocrx_word' id='word_1_134' title='bbox 302 1601 544 1636; x_wconf 77' lang='lat' dir='ltr'>Thurinorum</span> <span class='ocrx_word' id='word_1_135' title='bbox 569 1603 702 1636; x_wconf 82' lang='lat' dir='ltr'>urbem.</span> <span class='ocrx_word' id='word_1_136' title='bbox 735 1604 867 1638; x_wconf 86' lang='lat' dir='ltr'>Dicere</span> <span class='ocrx_word' id='word_1_137' title='bbox 897 1604 1049 1638; x_wconf 82' lang='lat' dir='ltr'>volebat</span> <span class='ocrx_word' id='word_1_138' title='bbox 1083 1603 1263 1648; x_wconf 83' lang='lat' dir='ltr'>Sybarin,</span> <span class='ocrx_word' id='word_1_139' title='bbox 1299 1602 1337 1636; x_wconf 88' lang='lat' dir='ltr'>in</span> <span class='ocrx_word' id='word_1_140' title='bbox 1369 1602 1470 1647; x_wconf 87' lang='lat' dir='ltr'>cujus</span> <span class='ocrx_word' id='word_1_141' title='bbox 1503 1602 1618 1636; x_wconf 86' lang='lat' dir='ltr'>ruinis</span> 
     </span>
     <span class='ocr_line' id='line_1_20' title="bbox 247 1662 1620 1709; baseline 0.001 -13"><span class='ocrx_word' id='word_1_142' title='bbox 247 1663 382 1709; x_wconf 85' lang='lat' dir='ltr'>olymp.</span> <span class='ocrx_word' id='word_1_143' title='bbox 413 1662 456 1704; x_wconf 78' lang='grc'>84</span> <span class='ocrx_word' id='word_1_144' title='bbox 493 1675 522 1697; x_wconf 82' lang='lat' dir='ltr'>a.</span> <span class='ocrx_word' id='word_1_145' title='bbox 557 1676 570 1697; x_wconf 91' lang='lat'>1</span> <span class='ocrx_word' id='word_1_146' title='bbox 602 1663 752 1698; x_wconf 81' lang='lat' dir='ltr'>condita</span> <span class='ocrx_word' id='word_1_147' title='bbox 778 1671 831 1699; x_wconf 87' lang='lat' dir='ltr'>est</span> <span class='ocrx_word' id='word_1_148' title='bbox 854 1664 1002 1700; x_wconf 85' lang='lat' dir='ltr'>demum</span> <span class='ocrx_word' id='word_1_149' title='bbox 1031 1665 1213 1700; x_wconf 68' lang='lat' dir='ltr'>Thur-ium,</span> <span class='ocrx_word' id='word_1_150' title='bbox 1231 1663 1620 1703; x_wconf 58' lang='lat' dir='ltr'>Vidffiom-Rocn„</span> 
     </span>
     <span class='ocr_line' id='line_1_21' title="bbox 247 1722 1619 1772; baseline 0.001 -16"><span class='ocrx_word' id='word_1_151' title='bbox 247 1722 345 1757; x_wconf 89' lang='lat' dir='ltr'>libro</span> <span class='ocrx_word' id='word_1_152' title='bbox 379 1724 459 1767; x_wconf 87' lang='lat' dir='ltr'>cit.‚</span> <span class='ocrx_word' id='word_1_153' title='bbox 482 1726 555 1758; x_wconf 88' lang='lat' dir='ltr'>vol.</span> <span class='ocrx_word' id='word_1_154' title='bbox 584 1738 636 1767; x_wconf 93' lang='lat'>11,</span> <span class='ocrx_word' id='word_1_155' title='bbox 659 1736 694 1771; x_wconf 86' lang='lat' dir='ltr'>p.</span> <span class='ocrx_word' id='word_1_156' title='bbox 725 1724 798 1760; x_wconf 79' lang='lat'>328</span> <span class='ocrx_word' id='word_1_157' title='bbox 822 1737 901 1772; x_wconf 87' lang='lat' dir='ltr'><strong>sqq.</strong></span> <span class='ocrx_word' id='word_1_158' title='bbox 927 1725 1000 1760; x_wconf 88' lang='lat' dir='ltr'>Sed</span> <span class='ocrx_word' id='word_1_159' title='bbox 1025 1737 1105 1759; x_wconf 89' lang='lat' dir='ltr'>cum</span> <span class='ocrx_word' id='word_1_160' title='bbox 1132 1724 1346 1759; x_wconf 81' lang='lat' dir='ltr'>narratione</span> <span class='ocrx_word' id='word_1_161' title='bbox 1373 1724 1507 1758; x_wconf 79' lang='lat' dir='ltr'>Justini</span> <span class='ocrx_word' id='word_1_162' title='bbox 1528 1736 1619 1757; x_wconf 90' lang='lat' dir='ltr'>con-</span> 
     </span>
     <span class='ocr_line' id='line_1_22' title="bbox 250 1782 1618 1825; baseline 0.002 -9"><span class='ocrx_word' id='word_1_163' title='bbox 250 1783 337 1818; x_wconf 80' lang='lat' dir='ltr'>ferri</span> <span class='ocrx_word' id='word_1_164' title='bbox 358 1785 469 1819; x_wconf 83' lang='lat' dir='ltr'>debet</span> <span class='ocrx_word' id='word_1_165' title='bbox 494 1784 877 1821; x_wconf 78' lang='lat' dir='ltr'>Pseudo-Aristoteles</span> <span class='ocrx_word' id='word_1_166' title='bbox 904 1786 941 1820; x_wconf 89' lang='lat' dir='ltr'>in</span> <span class='ocrx_word' id='word_1_167' title='bbox 961 1785 1262 1820; x_wconf 81' lang='lat' dir='ltr'>Auscultationib.</span> <span class='ocrx_word' id='word_1_168' title='bbox 1291 1785 1465 1825; x_wconf 79' lang='lat' dir='ltr'>mirabil.,</span> <span class='ocrx_word' id='word_1_169' title='bbox 1488 1797 1516 1819; x_wconf 85' lang='lat' dir='ltr'>c.</span> <span class='ocrx_word' id='word_1_170' title='bbox 1538 1797 1547 1819; x_wconf 86' lang='lat'><strong>1</strong></span> <span class='ocrx_word' id='word_1_171' title='bbox 1566 1782 1618 1819; x_wconf 87' lang='lat'>15.</span> 
     </span>
    </p>

    <p class='ocr_par' dir='ltr' id='par_1_10' title="bbox 302 1846 1471 1894">
     <span class='ocr_line' id='line_1_23' title="bbox 302 1846 1471 1894; baseline -0.001 -13"><span class='ocrx_word' id='word_1_172' title='bbox 302 1847 384 1881; x_wconf 72' lang='lat' dir='ltr'><strong>CAP.</strong></span> <span class='ocrx_word' id='word_1_173' title='bbox 412 1847 459 1881; x_wconf 89' lang='grc' dir='ltr'>ΙΙ.</span> <span class='ocrx_word' id='word_1_174' title='bbox 489 1847 625 1892; x_wconf 82' lang='lat' dir='ltr'>Epeus.</span> <span class='ocrx_word' id='word_1_175' title='bbox 649 1848 751 1892; x_wconf 86' lang='lat' dir='ltr'>Quos</span> <span class='ocrx_word' id='word_1_176' title='bbox 775 1848 885 1882; x_wconf 81' lang='lat' dir='ltr'>ceteri</span> <span class='ocrx_word' id='word_1_177' title='bbox 909 1860 928 1882; x_wconf 86' lang='lat' dir='ltr'>a</span> <span class='ocrx_word' id='word_1_178' title='bbox 955 1848 1074 1894; x_wconf 58' lang='lat' dir='ltr'><em>Pylias</em></span> <span class='ocrx_word' id='word_1_179' title='bbox 1099 1847 1270 1882; x_wconf 86' lang='lat' dir='ltr'>conditos</span> <span class='ocrx_word' id='word_1_180' title='bbox 1297 1846 1471 1881; x_wconf 86' lang='lat' dir='ltr'>referunt.</span> 
     </span>
    </p>

    <p class='ocr_par' dir='ltr' id='par_1_11' title="bbox 250 1907 1619 2016">
     <span class='ocr_line' id='line_1_24' title="bbox 303 1907 1619 1955; baseline -0.002 -13"><span class='ocrx_word' id='word_1_181' title='bbox 303 1908 386 1942; x_wconf 75' lang='lat' dir='ltr'><strong>CAP.</strong></span> <span class='ocrx_word' id='word_1_182' title='bbox 416 1908 477 1941; x_wconf 88' lang='lat' dir='ltr'>IV.</span> <span class='ocrx_word' id='word_1_183' title='bbox 508 1909 681 1943; x_wconf 78' lang='lat' dir='ltr'>Decessit.</span> <span class='ocrx_word' id='word_1_184' title='bbox 708 1909 793 1945; x_wconf 78' lang='lat' dir='ltr'>Scil.</span> <span class='ocrx_word' id='word_1_185' title='bbox 810 1909 934 1944; x_wconf 84' lang='lat' dir='ltr'>inedia</span> <span class='ocrx_word' id='word_1_186' title='bbox 961 1916 1092 1955; x_wconf 84' lang='lat' dir='ltr'>sponte</span> <span class='ocrx_word' id='word_1_187' title='bbox 1109 1908 1180 1943; x_wconf 83' lang='lat' dir='ltr'>sibi</span> <span class='ocrx_word' id='word_1_188' title='bbox 1202 1907 1391 1954; x_wconf 82' lang='lat' dir='ltr'>imposita,</span> <span class='ocrx_word' id='word_1_189' title='bbox 1418 1907 1520 1953; x_wconf 90' lang='lat' dir='ltr'>quod</span> <span class='ocrx_word' id='word_1_190' title='bbox 1535 1908 1619 1953; x_wconf 83' lang='lat' dir='ltr'>plu-</span> 
     </span>
     <span class='ocr_line' id='line_1_25' title="bbox 250 1968 1191 2016; baseline 0.002 -14"><span class='ocrx_word' id='word_1_191' title='bbox 250 1981 308 2003; x_wconf 83' lang='lat' dir='ltr'>res</span> <span class='ocrx_word' id='word_1_192' title='bbox 333 1968 516 2009; x_wconf 78' lang='lat' dir='ltr'>fecerunt,</span> <span class='ocrx_word' id='word_1_193' title='bbox 543 1970 599 2003; x_wconf 83' lang='lat' dir='ltr'>vel</span> <span class='ocrx_word' id='word_1_194' title='bbox 619 1970 688 2004; x_wconf 89' lang='lat' dir='ltr'>sub</span> <span class='ocrx_word' id='word_1_195' title='bbox 708 1969 994 2016; x_wconf 81' lang='lat' dir='ltr'>imperatoribus</span> <span class='ocrx_word' id='word_1_196' title='bbox 1015 1970 1191 2005; x_wconf 82' lang='lat' dir='ltr'>romanis.</span> 
     </span>
    </p>

    <p class='ocr_par' dir='ltr' id='par_1_12' title="bbox 253 2030 1618 2138">
     <span class='ocr_line' id='line_1_26' title="bbox 306 2030 1618 2079; baseline -0.002 -13"><span class='ocrx_word' id='word_1_197' title='bbox 306 2031 388 2066; x_wconf 66' lang='grc' dir='ltr'><strong>ΕΜ).</strong></span> <span class='ocrx_word' id='word_1_198' title='bbox 404 2031 447 2064; x_wconf 85' lang='lat' dir='ltr'>V.</span> <span class='ocrx_word' id='word_1_199' title='bbox 473 2031 666 2066; x_wconf 78' lang='lat' dir='ltr'>Gerentem</span> <span class='ocrx_word' id='word_1_200' title='bbox 690 2033 836 2067; x_wconf 79' lang='lat' dir='ltr'>bellum.</span> <span class='ocrx_word' id='word_1_201' title='bbox 861 2033 918 2068; x_wconf 85' lang='lat' dir='ltr'>Ad</span> <span class='ocrx_word' id='word_1_202' title='bbox 938 2033 1119 2079; x_wconf 80' lang='lat' dir='ltr'>Rhegium</span> <span class='ocrx_word' id='word_1_203' title='bbox 1135 2060 1142 2074; x_wconf 89' lang='lat'><strong>‚</strong></span> <span class='ocrx_word' id='word_1_204' title='bbox 1168 2033 1299 2066; x_wconf 84' lang='lat' dir='ltr'>urbem</span> <span class='ocrx_word' id='word_1_205' title='bbox 1328 2031 1440 2065; x_wconf 61' lang='lat' dir='ltr'>Italiae</span> <span class='ocrx_word' id='word_1_206' title='bbox 1464 2030 1618 2065; x_wconf 81' lang='lat' dir='ltr'>inferio-</span> 
     </span>
     <span class='ocr_line' id='line_1_27' title="bbox 253 2092 960 2138; baseline 0.003 -13"><span class='ocrx_word' id='word_1_207' title='bbox 253 2092 301 2125; x_wconf 77' lang='lat' dir='ltr'>ris</span> <span class='ocrx_word' id='word_1_208' title='bbox 318 2119 326 2133; x_wconf 93' lang='lat'>‚</span> <span class='ocrx_word' id='word_1_209' title='bbox 353 2104 460 2138; x_wconf 80' lang='lat' dir='ltr'>quam</span> <span class='ocrx_word' id='word_1_210' title='bbox 482 2099 556 2126; x_wconf 86' lang='lat' dir='ltr'>tum</span> <span class='ocrx_word' id='word_1_211' title='bbox 580 2093 724 2128; x_wconf 84' lang='lat' dir='ltr'>fortiter</span> <span class='ocrx_word' id='word_1_212' title='bbox 753 2094 960 2128; x_wconf 78' lang='lat' dir='ltr'>obsidebat.</span> 
     </span>
    </p>

    <p class='ocr_par' dir='ltr' id='par_1_13' title="bbox 254 2153 1623 2259">
     <span class='ocr_line' id='line_1_28' title="bbox 304 2153 1623 2201; baseline 0.001 -14"><span class='ocrx_word' id='word_1_213' title='bbox 304 2153 372 2187; x_wconf 77' lang='lat' dir='ltr'>His</span> <span class='ocrx_word' id='word_1_214' title='bbox 397 2160 521 2188; x_wconf 80' lang='lat' dir='ltr'>autem</span> <span class='ocrx_word' id='word_1_215' title='bbox 545 2154 676 2188; x_wconf 80' lang='lat' dir='ltr'>Gallis.</span> <span class='ocrx_word' id='word_1_216' title='bbox 699 2154 755 2188; x_wconf 84' lang='lat' dir='ltr'>De</span> <span class='ocrx_word' id='word_1_217' title='bbox 780 2155 835 2188; x_wconf 85' lang='lat' dir='ltr'>his</span> <span class='ocrx_word' id='word_1_218' title='bbox 859 2167 936 2201; x_wconf 84' lang='lat' dir='ltr'>quae</span> <span class='ocrx_word' id='word_1_219' title='bbox 961 2162 1164 2201; x_wconf 84' lang='lat' dir='ltr'>sequuntur</span> <span class='ocrx_word' id='word_1_220' title='bbox 1190 2154 1330 2201; x_wconf 90' lang='lat' dir='ltr'>optime</span> <span class='ocrx_word' id='word_1_221' title='bbox 1356 2153 1521 2188; x_wconf 85' lang='lat' dir='ltr'>omnium</span> <span class='ocrx_word' id='word_1_222' title='bbox 1537 2154 1623 2188; x_wconf 82' lang='lat' dir='ltr'>scri-</span> 
     </span>
     <span class='ocr_line' id='line_1_29' title="bbox 254 2213 1097 2259; baseline 0.004 -13"><span class='ocrx_word' id='word_1_223' title='bbox 254 2213 325 2259; x_wconf 86' lang='lat' dir='ltr'>psit</span> <span class='ocrx_word' id='word_1_224' title='bbox 356 2214 587 2257; x_wconf 77' lang='lat' dir='ltr'>St.-Martin,</span> <span class='ocrx_word' id='word_1_225' title='bbox 619 2215 655 2249; x_wconf 92' lang='lat' dir='ltr'>in</span> <span class='ocrx_word' id='word_1_226' title='bbox 684 2215 840 2249; x_wconf 80' lang='lat' dir='ltr'>Histoire</span> <span class='ocrx_word' id='word_1_227' title='bbox 863 2216 929 2250; x_wconf 76' lang='lat' dir='ltr'>des</span> <span class='ocrx_word' id='word_1_228' title='bbox 951 2216 1097 2250; x_wconf 75' lang='lat' dir='ltr'>caules.</span> 
     </span>
    </p>

    <p class='ocr_par' dir='ltr' id='par_1_14' title="bbox 254 2275 1626 2369">
     <span class='ocr_line' id='line_1_30' title="bbox 310 2275 1626 2321; baseline 0.002 -13"><span class='ocrx_word' id='word_1_229' title='bbox 310 2275 533 2309; x_wconf 80' lang='lat' dir='ltr'>Tridenlum.</span> <span class='ocrx_word' id='word_1_230' title='bbox 561 2275 666 2309; x_wconf 75' lang='lat' dir='ltr'>Hanc</span> <span class='ocrx_word' id='word_1_231' title='bbox 686 2275 814 2310; x_wconf 86' lang='lat' dir='ltr'>urbem</span> <span class='ocrx_word' id='word_1_232' title='bbox 844 2276 956 2311; x_wconf 78' lang='lat' dir='ltr'>ceteri</span> <span class='ocrx_word' id='word_1_233' title='bbox 986 2288 1113 2310; x_wconf 87' lang='lat' dir='ltr'>omnes</span> <span class='ocrx_word' id='word_1_234' title='bbox 1134 2276 1180 2309; x_wconf 82' lang='lat' dir='ltr'>ab</span> <span class='ocrx_word' id='word_1_235' title='bbox 1202 2276 1317 2310; x_wconf 79' lang='lat' dir='ltr'>Roetis</span> <span class='ocrx_word' id='word_1_236' title='bbox 1338 2276 1529 2311; x_wconf 81' lang='lat' dir='ltr'>conditam</span> <span class='ocrx_word' id='word_1_237' title='bbox 1542 2287 1626 2321; x_wconf 84' lang='lat' dir='ltr'>per-</span> 
     </span>
     <span class='ocr_line' id='line_1_31' title="bbox 254 2333 394 2369; baseline 0.014 -2"><span class='ocrx_word' id='word_1_238' title='bbox 254 2333 394 2369; x_wconf 82' lang='lat' dir='ltr'>hibent.</span> 
     </span>
    </p>

    <p class='ocr_par' dir='ltr' id='par_1_15' title="bbox 256 2396 1625 2505">
     <span class='ocr_line' id='line_1_32' title="bbox 312 2396 1625 2443; baseline 0.002 -16"><span class='ocrx_word' id='word_1_239' title='bbox 312 2396 457 2429; x_wconf 78' lang='lat' dir='ltr'>Bellum</span> <span class='ocrx_word' id='word_1_240' title='bbox 470 2423 478 2437; x_wconf 88' lang='lat'><em>,</em></span> <span class='ocrx_word' id='word_1_241' title='bbox 495 2398 593 2443; x_wconf 80' lang='lat' dir='ltr'>quod</span> <span class='ocrx_word' id='word_1_242' title='bbox 615 2399 672 2430; x_wconf 73' lang='lat' dir='ltr'>lue</span> <span class='ocrx_word' id='word_1_243' title='bbox 692 2398 940 2432; x_wconf 80' lang='lat' dir='ltr'>deseruerant.</span> <span class='ocrx_word' id='word_1_244' title='bbox 963 2398 1031 2433; x_wconf 89' lang='lat' dir='ltr'>Hic</span> <span class='ocrx_word' id='word_1_245' title='bbox 1046 2398 1210 2433; x_wconf 79' lang='lat' dir='ltr'>Jusiinus</span> <span class='ocrx_word' id='word_1_246' title='bbox 1235 2397 1368 2433; x_wconf 81' lang='lat' dir='ltr'>iterum</span> <span class='ocrx_word' id='word_1_247' title='bbox 1383 2398 1456 2432; x_wconf 84' lang='lat' dir='ltr'>duo</span> <span class='ocrx_word' id='word_1_248' title='bbox 1484 2397 1625 2431; x_wconf 67' lang='lat' dir='ltr'>diversa</span> 
     </span>
     <span class='ocr_line' id='line_1_33' title="bbox 256 2456 1292 2505; baseline 0.005 -17"><span class='ocrx_word' id='word_1_249' title='bbox 256 2456 611 2500; x_wconf 62' lang='lat' dir='ltr'>(Karthaginiensium</span> <span class='ocrx_word' id='word_1_250' title='bbox 641 2459 737 2492; x_wconf 60' lang='lat' dir='ltr'>belia</span> <span class='ocrx_word' id='word_1_251' title='bbox 760 2458 856 2493; x_wconf 82' lang='lat' dir='ltr'>inter</span> <span class='ocrx_word' id='word_1_252' title='bbox 879 2467 1061 2505; x_wconf 76' lang='lat' dir='ltr'>permutat·</span> <span class='ocrx_word' id='word_1_253' title='bbox 1092 2466 1126 2493; x_wconf 85' lang='lat' dir='ltr'>et</span> <span class='ocrx_word' id='word_1_254' title='bbox 1155 2459 1292 2494; x_wconf 80' lang='lat' dir='ltr'>miscet.</span> 
     </span>
    </p>
   </div>
   <div class='ocr_carea' id='block_1_5' title="bbox 714 2595 1165 2630">
    <p class='ocr_par' dir='ltr' id='par_1_16' title="bbox 714 2595 1165 2630">
     <span class='ocr_line' id='line_1_34' title="bbox 714 2595 1165 2630; baseline 0 -1"><span class='ocrx_word' id='word_1_255' title='bbox 714 2596 765 2629; x_wconf 77' lang='lat' dir='ltr'>IN</span> <span class='ocrx_word' id='word_1_256' title='bbox 800 2595 1018 2629; x_wconf 66' lang='lat' dir='ltr'><strong>LIBRUM</strong></span> <span class='ocrx_word' id='word_1_257' title='bbox 1049 2596 1165 2630; x_wconf 64' lang='lat' dir='ltr'>XXI.</span> 
     </span>
    </p>
   </div>
   <div class='ocr_carea' id='block_1_6' title="bbox 262 2702 1628 2805">
    <p class='ocr_par' dir='ltr' id='par_1_17' title="bbox 262 2702 1628 2805">
     <span class='ocr_line' id='line_1_35' title="bbox 311 2702 1628 2753; baseline -0.002 -16"><span class='ocrx_word' id='word_1_258' title='bbox 311 2706 436 2747; x_wconf 75' lang='lat' dir='ltr'>Quum</span> <span class='ocrx_word' id='word_1_259' title='bbox 462 2712 496 2739; x_wconf 79' lang='lat' dir='ltr'>et</span> <span class='ocrx_word' id='word_1_260' title='bbox 524 2706 560 2739; x_wconf 86' lang='lat' dir='ltr'>in</span> <span class='ocrx_word' id='word_1_261' title='bbox 589 2706 780 2753; x_wconf 46' lang='grc' dir='ltr'>θυραίοις</span> <span class='ocrx_word' id='word_1_262' title='bbox 802 2706 900 2740; x_wconf 83' lang='lat' dir='ltr'>libro</span> <span class='ocrx_word' id='word_1_263' title='bbox 922 2713 955 2739; x_wconf 67' lang='lat' dir='ltr'>vt</span> <span class='ocrx_word' id='word_1_264' title='bbox 976 2706 1013 2739; x_wconf 85' lang='lat' dir='ltr'>in</span> <span class='ocrx_word' id='word_1_265' title='bbox 1035 2705 1201 2751; x_wconf 61' lang='lat' dir='ltr'>Sequenti</span> <span class='ocrx_word' id='word_1_266' title='bbox 1226 2703 1419 2750; x_wconf 60' lang='lat' dir='ltr'>Pompeiu:</span> <span class='ocrx_word' id='word_1_267' title='bbox 1450 2702 1628 2736; x_wconf 64' lang='lat' dir='ltr'>&#39;l&#39;lmoemn</span> 
     </span>
     <span class='ocr_line' id='line_1_36' title="bbox 262 2764 1627 2805; baseline -0.001 -8"><span class='ocrx_word' id='word_1_268' title='bbox 262 2766 419 2799; x_wconf 58' lang='lat' dir='ltr'>Siculum</span> <span class='ocrx_word' id='word_1_269' title='bbox 446 2766 516 2800; x_wconf 83' lang='lat' dir='ltr'>sibi</span> <span class='ocrx_word' id='word_1_270' title='bbox 534 2767 663 2802; x_wconf 76' lang='lat' dir='ltr'>ducem</span> <span class='ocrx_word' id='word_1_271' title='bbox 686 2780 761 2802; x_wconf 81' lang='lat' dir='ltr'>esse</span> <span class='ocrx_word' id='word_1_272' title='bbox 789 2768 824 2801; x_wconf 85' lang='lat' dir='ltr'>in</span> <span class='ocrx_word' id='word_1_273' title='bbox 855 2766 1048 2801; x_wconf 66' lang='lat' dir='ltr'>narrandis</span> <span class='ocrx_word' id='word_1_274' title='bbox 1071 2766 1179 2800; x_wconf 62' lang='lat' dir='ltr'>rebus</span> <span class='ocrx_word' id='word_1_275' title='bbox 1208 2764 1401 2800; x_wconf 66' lang='lat' dir='ltr'>mluissct,</span> <span class='ocrx_word' id='word_1_276' title='bbox 1429 2775 1466 2797; x_wconf 82' lang='lat' dir='ltr'>en</span> <span class='ocrx_word' id='word_1_277' title='bbox 1490 2769 1627 2805; x_wconf 69' lang='lat' dir='ltr'>autem,</span> 
     </span>
    </p>
   </div>
  </div>
 </body>
</html>
