1783 3282
444 261 790 295 HISTORIARUM
822 263 909 295 LIB.
936 264 1031 296 XIV.
1353 267 1415 304 141

52 345 160 403 pias,
186 344 324 403 longae
347 343 585 386 obsidionis
602 344 747 399 taedio,
764 353 887 402 pacta
910 343 1067 399 salute,
1093 346 1244 387 victori
1270 362 1312 387 se
1337 354 1418 387 tra-

52 422 174 464 didit.
219 421 301 465 Sed
348 421 609 477 Cassander,
653 421 705 464 ad
741 422 997 464 concionem
1034 432 1189 464 vocato
1234 422 1419 481 populo,

52 501 365 556 sciscitaturus,
382 500 529 557 «Quid
548 500 601 543 de
617 500 876 560 Olympiade
892 499 984 543 fieri
1011 498 1193 553 velint,»
1213 501 1422 545 subornat

51 587 250 637 parentes
274 578 625 634 interfectorum,
654 580 747 638 qui,
769 588 940 638 sumpta
966 577 1141 638 lugubri
1167 587 1303 631 veste,
1322 596 1422 622 cru·

51 655 273 699 delitatem
303 656 495 699 mulieris
525 667 794 700 accusarent.
820 660 858 701 A
894 657 1050 716 quibus
1079 657 1245 699 accensi
1276 657 1421 700 Mace-

51 735 205 792 dones,
239 737 329 778 sine
370 745 567 795 respectu
610 737 803 795 pristinae
842 737 1099 794 majestatis,
1140 734 1422 778 occidendam

50 815 294 858 decernunt
324 833 332 857 :
370 817 644 858 immemores
674 832 871 874 prorsus,
905 815 1023 874 quod
1052 832 1130 874 per
1160 814 1299 857 filium
1333 817 1424 875 ejus

52 895 303 952 virumque,
336 910 424 936 non
452 893 592 936 solum
624 894 756 936 vitam
793 894 874 953 ipsi
903 895 1016 936 inter
1047 894 1255 936 finitimos
1284 903 1423 936 tutam

50 973 323 1029 habuissent,
346 990 499 1016 verum
519 974 649 1016 etiam
669 983 811 1016 tantas
839 990 941 1033 opes
965 974 1284 1033 imperiumque
1307 974 1423 1016 orbis

49 1054 312 1113 quaesissent.
336 1053 419 1097 Sed
443 1053 668 1114 Olympias
693 1055 766 1097 ubi
785 1054 1026 1097 obstinatos
1045 1054 1194 1097 venire
1215 1053 1268 1097 ad
1288 1071 1331 1096 se
1354 1071 1425 1097 ar-

48 1142 185 1176 matos
214 1133 344 1188 vidit,
374 1143 492 1176 veste
524 1133 684 1194 regali,
717 1133 884 1176 duabus
912 1133 1079 1176 ancillis
1106 1134 1279 1188 innixa,
1305 1133 1422 1177 ultro

49 1212 222 1255 obviam
252 1212 459 1271 procedit.
490 1213 590 1269 Qua
612 1213 721 1267 visa,
751 1228 1026 1272 percussores
1045 1213 1219 1255 attoniti
1248 1213 1423 1256 fortuna

49 1292 282 1351 majestatis
309 1292 488 1350 prioris,
525 1300 567 1334 et
598 1301 662 1334 tot
689 1293 732 1333 in
763 1308 811 1334 ea
842 1291 1062 1333 memoriae
1091 1292 1424 1334 occurrentibus

49 1387 200 1430 regum
236 1386 415 1413 suorum
449 1370 722 1423 nominibus,
752 1370 1070 1424 substiterunt,
1101 1369 1240 1412 donec
1269 1387 1292 1413 a
1317 1372 1424 1413 Cas-

49 1449 206 1492 sandro
231 1449 348 1492 missi
377 1459 502 1504 sunt,
529 1450 604 1508 qui
634 1465 729 1492 eam
759 1449 1069 1505 confoderent,
1090 1465 1178 1491 non
1206 1448 1425 1509 refugien-

48 1538 134 1571 tem
155 1527 349 1588 gladium
367 1545 446 1571 nec
465 1527 668 1583 vulnera,
696 1538 771 1571 aut
796 1527 1072 1571 muliebriter
1093 1528 1425 1582 vociferantem,

48 1607 123 1650 sed
145 1609 341 1650 virorum
368 1624 487 1650 more
513 1607 715 1662 fortium,
736 1624 815 1667 pro
836 1606 975 1667 gloria
1003 1607 1162 1649 veteris
1187 1608 1420 1666 prosapiae,

48 1687 178 1729 morti
220 1687 598 1741 succumbentem3
626 1696 676 1729 ut
708 1685 1009 1730 Alexandrum
1042 1703 1184 1746 posses
1213 1687 1342 1729 etiam
1382 1688 1425 1728 in

48 1767 263 1809 moriente
292 1776 431 1809 matre
461 1783 735 1826 cognoscere.
764 1769 950 1826 Insuper
979 1767 1228 1826 exspirans,
1257 1765 1426 1825 capillis

47 1855 90 1888 et
118 1855 236 1888 veste
263 1862 391 1888 crura
420 1846 661 1889 contexisse
686 1846 845 1901 fertur,
870 1863 924 1888 ne
949 1845 1054 1905 quid
1088 1855 1232 1904 posset
1254 1846 1297 1887 in
1328 1862 1423 1888 cor-

48 1940 153 1983 pore
179 1925 271 1984 ejus
301 1925 555 1968 indecorum
587 1924 739 1967 videri.
768 1927 872 1968 Post
898 1925 988 1967 haec
1015 1923 1259 1967 Cassander
1290 1924 1424 1968 Thes-

49 2002 294 2060 salonicen,
332 2005 446 2065 regis
487 2004 650 2048 Aridaei
690 2003 843 2060 filiam,
881 2021 1063 2047 uxorem
1096 2003 1215 2046 ducit
1247 2022 1255 2046 :
1287 2002 1425 2046 filium

48 2082 286 2126 Alexandri
310 2101 407 2127 cum
431 2094 593 2138 matre,
614 2085 658 2126 in
686 2100 831 2126 arcem
852 2083 1256 2143 Amphipolitanam
1280 2092 1426 2127 custo-

49 2161 228 2205 diendos
257 2164 406 2205 mittit.
