<?xml version="1.0" encoding="UTF-8"?>
<!DOCTYPE html PUBLIC "-//W3C//DTD XHTML 1.0 Transitional//EN"
    "http://www.w3.org/TR/xhtml1/DTD/xhtml1-transitional.dtd">
<html xmlns="http://www.w3.org/1999/xhtml" xml:lang="en" lang="en">
 <head>
  <title>
</title>
<meta http-equiv="Content-Type" content="text/html;charset=utf-8" />
  <meta name='ocr-system' content='tesseract 3.04.00' />
  <meta name='ocr-capabilities' content='ocr_page ocr_carea ocr_par ocr_line ocrx_word'/>
</head>
<body>
  <div class='ocr_page' id='page_1' title='image "./historiarumphili01justuoft_0083.png"; bbox 0 0 1783 3282; ppageno 0'>
   <div class='ocr_carea' id='block_1_1' title="bbox 471 235 1426 271">
    <p class='ocr_par' dir='ltr' id='par_1_1' title="bbox 471 235 1426 271">
     <span class='ocr_line' id='line_1_1' title="bbox 471 235 1426 271; baseline -0.002 0"><span class='ocrx_word' id='word_1_1' title='bbox 471 237 812 271; x_wconf 79' lang='lat' dir='ltr'><strong>HISTORIARUM</strong></span> <span class='ocrx_word' id='word_1_2' title='bbox 841 239 927 270; x_wconf 83' lang='lat' dir='ltr'>LIB.</span> <span class='ocrx_word' id='word_1_3' title='bbox 954 239 1012 270; x_wconf 66' lang='lat' dir='ltr'>Vl.</span> <span class='ocrx_word' id='word_1_4' title='bbox 1379 235 1426 269; x_wconf 72' lang='grc'>65</span> 
     </span>
    </p>
   </div>
   <div class='ocr_carea' id='block_1_2' title="bbox 61 317 1443 2586">
    <p class='ocr_par' dir='ltr' id='par_1_2' title="bbox 61 317 1433 1008">
     <span class='ocr_line' id='line_1_2' title="bbox 62 317 1426 379; baseline -0.001 -16"><span class='ocrx_word' id='word_1_5' title='bbox 62 321 230 379; x_wconf 89' lang='lat' dir='ltr'>perium</span> <span class='ocrx_word' id='word_1_6' title='bbox 256 320 397 362; x_wconf 89' lang='lat' dir='ltr'>brevis</span> <span class='ocrx_word' id='word_1_7' title='bbox 425 319 634 361; x_wconf 83' lang='lat' dir='ltr'>momenti</span> <span class='ocrx_word' id='word_1_8' title='bbox 660 317 786 377; x_wconf 88' lang='lat' dir='ltr'>culpa</span> <span class='ocrx_word' id='word_1_9' title='bbox 815 318 1098 359; x_wconf 82' lang='lat' dir='ltr'>subverteret.</span> <span class='ocrx_word' id='word_1_10' title='bbox 1129 320 1289 361; x_wconf 83' lang='lat' dir='ltr'>Eadem</span> <span class='ocrx_word' id='word_1_11' title='bbox 1317 318 1426 361; x_wconf 84' lang='lat' dir='ltr'>mili-</span> 
     </span>
     <span class='ocr_line' id='line_1_3' title="bbox 61 397 1429 456; baseline -0.001 -15"><span class='ocrx_word' id='word_1_12' title='bbox 61 409 155 442; x_wconf 88' lang='lat' dir='ltr'>tum</span> <span class='ocrx_word' id='word_1_13' title='bbox 178 409 221 440; x_wconf 88' lang='lat' dir='ltr'>et</span> <span class='ocrx_word' id='word_1_14' title='bbox 243 398 438 441; x_wconf 88' lang='lat' dir='ltr'>omnium</span> <span class='ocrx_word' id='word_1_15' title='bbox 463 398 678 456; x_wconf 85' lang='lat' dir='ltr'>remigum</span> <span class='ocrx_word' id='word_1_16' title='bbox 701 412 805 439; x_wconf 89' lang='lat' dir='ltr'>cura</span> <span class='ocrx_word' id='word_1_17' title='bbox 828 405 920 438; x_wconf 89' lang='lat' dir='ltr'>erat</span> <span class='ocrx_word' id='word_1_18' title='bbox 944 412 952 437; x_wconf 93' lang='lat'>:</span> <span class='ocrx_word' id='word_1_19' title='bbox 979 412 1087 453; x_wconf 90' lang='lat' dir='ltr'>quos</span> <span class='ocrx_word' id='word_1_20' title='bbox 1110 398 1249 455; x_wconf 86' lang='lat' dir='ltr'>major</span> <span class='ocrx_word' id='word_1_21' title='bbox 1273 397 1429 441; x_wconf 85' lang='lat' dir='ltr'>sollici-</span> 
     </span>
     <span class='ocr_line' id='line_1_4' title="bbox 61 474 1430 535; baseline 0 -16"><span class='ocrx_word' id='word_1_22' title='bbox 61 476 168 519; x_wconf 84' lang='lat' dir='ltr'>tudo</span> <span class='ocrx_word' id='word_1_23' title='bbox 192 476 433 531; x_wconf 88' lang='lat' dir='ltr'>cruciabat,</span> <span class='ocrx_word' id='word_1_24' title='bbox 463 492 550 518; x_wconf 91' lang='lat' dir='ltr'>non</span> <span class='ocrx_word' id='word_1_25' title='bbox 580 485 688 531; x_wconf 88' lang='lat' dir='ltr'>tam,</span> <span class='ocrx_word' id='word_1_26' title='bbox 717 491 770 518; x_wconf 94' lang='lat' dir='ltr'>ne</span> <span class='ocrx_word' id='word_1_27' title='bbox 798 475 879 535; x_wconf 91' lang='lat' dir='ltr'>ipsi</span> <span class='ocrx_word' id='word_1_28' title='bbox 908 474 1106 533; x_wconf 83' lang='lat' dir='ltr'>quaesitas</span> <span class='ocrx_word' id='word_1_29' title='bbox 1132 491 1235 533; x_wconf 90' lang='lat' dir='ltr'>opes</span> <span class='ocrx_word' id='word_1_30' title='bbox 1260 477 1430 519; x_wconf 88' lang='lat' dir='ltr'>amitte-</span> 
     </span>
     <span class='ocr_line' id='line_1_5' title="bbox 62 552 1428 614; baseline 0 -16"><span class='ocrx_word' id='word_1_31' title='bbox 62 565 177 611; x_wconf 85' lang='lat' dir='ltr'>rent,</span> <span class='ocrx_word' id='word_1_32' title='bbox 217 571 347 614; x_wconf 90' lang='lat' dir='ltr'>quam</span> <span class='ocrx_word' id='word_1_33' title='bbox 392 571 445 597; x_wconf 90' lang='lat' dir='ltr'>ne</span> <span class='ocrx_word' id='word_1_34' title='bbox 486 555 691 613; x_wconf 88' lang='lat' dir='ltr'>pristinas</span> <span class='ocrx_word' id='word_1_35' title='bbox 725 554 1010 597; x_wconf 86' lang='lat' dir='ltr'>Athenienses</span> <span class='ocrx_word' id='word_1_36' title='bbox 1051 552 1308 611; x_wconf 81' lang='lat' dir='ltr'>reciperent.</span> <span class='ocrx_word' id='word_1_37' title='bbox 1347 556 1428 598; x_wconf 86' lang='lat' dir='ltr'>Sed</span> 
     </span>
     <span class='ocr_line' id='line_1_6' title="bbox 67 630 1431 693; baseline 0 -16"><span class='ocrx_word' id='word_1_38' title='bbox 67 642 227 693; x_wconf 89' lang='lat' dir='ltr'>quanto</span> <span class='ocrx_word' id='word_1_39' title='bbox 246 635 385 693; x_wconf 85' lang='lat' dir='ltr'>majus</span> <span class='ocrx_word' id='word_1_40' title='bbox 409 632 609 693; x_wconf 81' lang='lat' dir='ltr'>proelium</span> <span class='ocrx_word' id='word_1_41' title='bbox 631 633 733 687; x_wconf 89' lang='lat' dir='ltr'>fuit,</span> <span class='ocrx_word' id='word_1_42' title='bbox 759 642 881 675; x_wconf 89' lang='lat' dir='ltr'>tanto</span> <span class='ocrx_word' id='word_1_43' title='bbox 907 642 949 675; x_wconf 91' lang='lat' dir='ltr'>et</span> <span class='ocrx_word' id='word_1_44' title='bbox 967 630 1124 674; x_wconf 86' lang='lat' dir='ltr'>clarior</span> <span class='ocrx_word' id='word_1_45' title='bbox 1145 632 1327 674; x_wconf 90' lang='lat' dir='ltr'>victoria</span> <span class='ocrx_word' id='word_1_46' title='bbox 1349 635 1431 677; x_wconf 89' lang='lat' dir='ltr'>Co-</span> 
     </span>
     <span class='ocr_line' id='line_1_7' title="bbox 63 711 1433 771; baseline -0.001 -15"><span class='ocrx_word' id='word_1_47' title='bbox 63 713 202 756; x_wconf 87' lang='lat' dir='ltr'>nonis.</span> <span class='ocrx_word' id='word_1_48' title='bbox 238 713 358 756; x_wconf 85' lang='lat' dir='ltr'>Victi</span> <span class='ocrx_word' id='word_1_49' title='bbox 395 712 712 755; x_wconf 81' lang='lat' dir='ltr'>Lacedaemonii</span> <span class='ocrx_word' id='word_1_50' title='bbox 752 711 900 771; x_wconf 85' lang='lat' dir='ltr'>fugam</span> <span class='ocrx_word' id='word_1_51' title='bbox 943 720 1175 770; x_wconf 89' lang='lat' dir='ltr'>capessunt</span> <span class='ocrx_word' id='word_1_52' title='bbox 1204 711 1433 770; x_wconf 86' lang='lat' dir='ltr'>:praesidia</span> 
     </span>
     <span class='ocr_line' id='line_1_8' title="bbox 62 787 1432 849; baseline -0.002 -14"><span class='ocrx_word' id='word_1_53' title='bbox 62 792 254 835; x_wconf 87' lang='lat' dir='ltr'>hostium</span> <span class='ocrx_word' id='word_1_54' title='bbox 287 791 469 834; x_wconf 83' lang='lat' dir='ltr'>Athenis</span> <span class='ocrx_word' id='word_1_55' title='bbox 505 789 813 832; x_wconf 86' lang='lat' dir='ltr'>deducuntur:</span> <span class='ocrx_word' id='word_1_56' title='bbox 844 787 1027 848; x_wconf 90' lang='lat' dir='ltr'>populo,</span> <span class='ocrx_word' id='word_1_57' title='bbox 1063 789 1264 831; x_wconf 88' lang='lat' dir='ltr'>restituta</span> <span class='ocrx_word' id='word_1_58' title='bbox 1292 787 1432 849; x_wconf 86' lang='lat' dir='ltr'>digni-</span> 
     </span>
     <span class='ocr_line' id='line_1_9' title="bbox 65 865 1433 926; baseline -0.001 -13"><span class='ocrx_word' id='word_1_59' title='bbox 65 880 172 926; x_wconf 85' lang='lat' dir='ltr'>tate,</span> <span class='ocrx_word' id='word_1_60' title='bbox 201 868 395 912; x_wconf 83' lang='lat' dir='ltr'>conditio</span> <span class='ocrx_word' id='word_1_61' title='bbox 429 867 595 912; x_wconf 86' lang='lat' dir='ltr'>servilis</span> <span class='ocrx_word' id='word_1_62' title='bbox 623 868 837 926; x_wconf 88' lang='lat' dir='ltr'>eripitur:</span> <span class='ocrx_word' id='word_1_63' title='bbox 862 865 1011 910; x_wconf 80' lang='lat' dir='ltr'>multae</span> <span class='ocrx_word' id='word_1_64' title='bbox 1037 883 1210 926; x_wconf 85' lang='lat' dir='ltr'>quoque</span> <span class='ocrx_word' id='word_1_65' title='bbox 1238 867 1433 911; x_wconf 87' lang='lat' dir='ltr'>civitates</span> 
     </span>
     <span class='ocr_line' id='line_1_10' title="bbox 64 948 350 1008; baseline -0.003 -17"><span class='ocrx_word' id='word_1_66' title='bbox 64 948 350 1008; x_wconf 84' lang='lat' dir='ltr'>recipiuntur.</span> 
     </span>
    </p>

    <p class='ocr_par' dir='ltr' id='par_1_3' title="bbox 65 1026 1443 2586">
     <span class='ocr_line' id='line_1_11' title="bbox 127 1026 1433 1085; baseline 0.001 -16"><span class='ocrx_word' id='word_1_67' title='bbox 127 1028 201 1070; x_wconf 88' lang='lat' dir='ltr'>IV.</span> <span class='ocrx_word' id='word_1_68' title='bbox 232 1028 327 1069; x_wconf 89' lang='lat' dir='ltr'>Hoc</span> <span class='ocrx_word' id='word_1_69' title='bbox 356 1026 527 1069; x_wconf 90' lang='lat' dir='ltr'>initium</span> <span class='ocrx_word' id='word_1_70' title='bbox 555 1027 892 1069; x_wconf 85' lang='lat' dir='ltr'>Atheniensibus</span> <span class='ocrx_word' id='word_1_71' title='bbox 922 1026 1189 1069; x_wconf 74' lang='lat' dir='ltr'>resumendae</span> <span class='ocrx_word' id='word_1_72' title='bbox 1212 1028 1433 1085; x_wconf 80' lang='lat' dir='ltr'>potentiae,</span> 
     </span>
     <span class='ocr_line' id='line_1_12' title="bbox 65 1104 1434 1164; baseline 0.001 -17"><span class='ocrx_word' id='word_1_73' title='bbox 65 1114 108 1147; x_wconf 89' lang='lat' dir='ltr'>et</span> <span class='ocrx_word' id='word_1_74' title='bbox 134 1105 474 1148; x_wconf 74' lang='lat' dir='ltr'>Lacedaemoniis</span> <span class='ocrx_word' id='word_1_75' title='bbox 494 1104 703 1147; x_wconf 72' lang='lat' dir='ltr'>habendae</span> <span class='ocrx_word' id='word_1_76' title='bbox 718 1105 815 1148; x_wconf 86' lang='lat' dir='ltr'>finis</span> <span class='ocrx_word' id='word_1_77' title='bbox 839 1104 933 1148; x_wconf 87' lang='lat' dir='ltr'>fuit.</span> <span class='ocrx_word' id='word_1_78' title='bbox 957 1107 1177 1164; x_wconf 81' lang='lat' dir='ltr'>Namque,</span> <span class='ocrx_word' id='word_1_79' title='bbox 1199 1105 1319 1149; x_wconf 87' lang='lat' dir='ltr'>velut</span> <span class='ocrx_word' id='word_1_80' title='bbox 1335 1123 1434 1149; x_wconf 86' lang='lat' dir='ltr'>cum</span> 
     </span>
     <span class='ocr_line' id='line_1_13' title="bbox 67 1184 1435 1244; baseline 0.001 -17"><span class='ocrx_word' id='word_1_81' title='bbox 67 1185 249 1244; x_wconf 88' lang='lat' dir='ltr'>imperio</span> <span class='ocrx_word' id='word_1_82' title='bbox 281 1186 412 1227; x_wconf 90' lang='lat' dir='ltr'>etiam</span> <span class='ocrx_word' id='word_1_83' title='bbox 437 1185 643 1227; x_wconf 86' lang='lat' dir='ltr'>virtutem</span> <span class='ocrx_word' id='word_1_84' title='bbox 669 1184 977 1244; x_wconf 84' lang='lat' dir='ltr'>perdidissent,</span> <span class='ocrx_word' id='word_1_85' title='bbox 1006 1187 1229 1227; x_wconf 88' lang='lat' dir='ltr'>contemni</span> <span class='ocrx_word' id='word_1_86' title='bbox 1254 1202 1277 1227; x_wconf 91' lang='lat' dir='ltr'>a</span> <span class='ocrx_word' id='word_1_87' title='bbox 1303 1186 1435 1228; x_wconf 84' lang='lat' dir='ltr'>finiti-</span> 
     </span>
     <span class='ocr_line' id='line_1_14' title="bbox 66 1262 1435 1322; baseline 0.001 -16"><span class='ocrx_word' id='word_1_88' title='bbox 66 1264 148 1306; x_wconf 88' lang='lat' dir='ltr'>mis</span> <span class='ocrx_word' id='word_1_89' title='bbox 177 1279 359 1322; x_wconf 86' lang='lat' dir='ltr'>coepere.</span> <span class='ocrx_word' id='word_1_90' title='bbox 388 1264 524 1306; x_wconf 80' lang='lat' dir='ltr'>Primi</span> <span class='ocrx_word' id='word_1_91' title='bbox 553 1263 687 1322; x_wconf 85' lang='lat' dir='ltr'>igitur</span> <span class='ocrx_word' id='word_1_92' title='bbox 718 1263 940 1318; x_wconf 81' lang='lat' dir='ltr'>Thebani,</span> <span class='ocrx_word' id='word_1_93' title='bbox 967 1262 1277 1307; x_wconf 77' lang='lat' dir='ltr'>auxiliantibus</span> <span class='ocrx_word' id='word_1_94' title='bbox 1300 1265 1435 1308; x_wconf 87' lang='lat' dir='ltr'>Athe-</span> 
     </span>
     <span class='ocr_line' id='line_1_15' title="bbox 70 1340 1436 1400; baseline 0.001 -16"><span class='ocrx_word' id='word_1_95' title='bbox 70 1342 319 1396; x_wconf 89' lang='lat' dir='ltr'>niensibus,</span> <span class='ocrx_word' id='word_1_96' title='bbox 357 1340 519 1384; x_wconf 88' lang='lat' dir='ltr'>bellum</span> <span class='ocrx_word' id='word_1_97' title='bbox 547 1341 614 1384; x_wconf 92' lang='lat' dir='ltr'>his</span> <span class='ocrx_word' id='word_1_98' title='bbox 638 1340 822 1384; x_wconf 88' lang='lat' dir='ltr'>intulere</span> <span class='ocrx_word' id='word_1_99' title='bbox 849 1359 857 1384; x_wconf 89' lang='lat'>:</span> <span class='ocrx_word' id='word_1_100' title='bbox 889 1358 982 1400; x_wconf 81' lang='lat' dir='ltr'>quae</span> <span class='ocrx_word' id='word_1_101' title='bbox 1012 1343 1162 1385; x_wconf 86' lang='lat' dir='ltr'>civitas</span> <span class='ocrx_word' id='word_1_102' title='bbox 1194 1359 1245 1385; x_wconf 85' lang='lat' dir='ltr'>ex</span> <span class='ocrx_word' id='word_1_103' title='bbox 1280 1342 1436 1386; x_wconf 80' lang='lat' dir='ltr'>infimis</span> 
     </span>
     <span class='ocr_line' id='line_1_16' title="bbox 67 1421 1436 1483; baseline 0.002 -20"><span class='ocrx_word' id='word_1_104' title='bbox 67 1422 365 1476; x_wconf 88' lang='lat' dir='ltr'>incrementis,</span> <span class='ocrx_word' id='word_1_105' title='bbox 385 1423 546 1464; x_wconf 91' lang='lat' dir='ltr'>virtute</span> <span class='ocrx_word' id='word_1_106' title='bbox 562 1421 874 1481; x_wconf 83' lang='lat' dir='ltr'>Epaminondae</span> <span class='ocrx_word' id='word_1_107' title='bbox 894 1421 1035 1477; x_wconf 85' lang='lat' dir='ltr'>ducis,</span> <span class='ocrx_word' id='word_1_108' title='bbox 1058 1422 1112 1464; x_wconf 91' lang='lat' dir='ltr'>ad</span> <span class='ocrx_word' id='word_1_109' title='bbox 1130 1439 1250 1481; x_wconf 91' lang='lat' dir='ltr'>spem</span> <span class='ocrx_word' id='word_1_110' title='bbox 1268 1423 1436 1483; x_wconf 89' lang='lat' dir='ltr'>imperii</span> 
     </span>
     <span class='ocr_line' id='line_1_17' title="bbox 67 1500 1437 1560; baseline 0.001 -17"><span class='ocrx_word' id='word_1_111' title='bbox 67 1501 245 1543; x_wconf 85' lang='lat' dir='ltr'>Graeciae</span> <span class='ocrx_word' id='word_1_112' title='bbox 267 1509 409 1543; x_wconf 83' lang='lat' dir='ltr'>erecta</span> <span class='ocrx_word' id='word_1_113' title='bbox 433 1510 510 1542; x_wconf 86' lang='lat' dir='ltr'>est.</span> <span class='ocrx_word' id='word_1_114' title='bbox 538 1501 606 1542; x_wconf 86' lang='lat' dir='ltr'>Fit</span> <span class='ocrx_word' id='word_1_115' title='bbox 638 1501 784 1559; x_wconf 86' lang='lat' dir='ltr'>itaque</span> <span class='ocrx_word' id='word_1_116' title='bbox 814 1510 1017 1544; x_wconf 80' lang='lat' dir='ltr'>terrestre</span> <span class='ocrx_word' id='word_1_117' title='bbox 1044 1500 1262 1560; x_wconf 84' lang='lat' dir='ltr'>proelium,</span> <span class='ocrx_word' id='word_1_118' title='bbox 1287 1502 1437 1545; x_wconf 88' lang='lat' dir='ltr'>eadem</span> 
     </span>
     <span class='ocr_line' id='line_1_18' title="bbox 67 1578 1437 1640; baseline 0.001 -18"><span class='ocrx_word' id='word_1_119' title='bbox 67 1578 500 1623; x_wconf 65' lang='lat' dir='ltr'>Lacedaemoniorum</span> <span class='ocrx_word' id='word_1_120' title='bbox 525 1579 725 1635; x_wconf 89' lang='lat' dir='ltr'>fortuna,</span> <span class='ocrx_word' id='word_1_121' title='bbox 745 1596 829 1638; x_wconf 89' lang='lat' dir='ltr'>qua</span> <span class='ocrx_word' id='word_1_122' title='bbox 855 1589 1095 1640; x_wconf 85' lang='lat' dir='ltr'>pugnatum</span> <span class='ocrx_word' id='word_1_123' title='bbox 1123 1579 1328 1623; x_wconf 90' lang='lat' dir='ltr'>adversus</span> <span class='ocrx_word' id='word_1_124' title='bbox 1351 1582 1437 1624; x_wconf 84' lang='lat' dir='ltr'>Co-</span> 
     </span>
     <span class='ocr_line' id='line_1_19' title="bbox 68 1657 1438 1719; baseline 0.002 -20"><span class='ocrx_word' id='word_1_125' title='bbox 68 1674 181 1700; x_wconf 88' lang='lat' dir='ltr'>nona</span> <span class='ocrx_word' id='word_1_126' title='bbox 210 1657 351 1701; x_wconf 88' lang='lat' dir='ltr'>navali</span> <span class='ocrx_word' id='word_1_127' title='bbox 385 1657 536 1717; x_wconf 88' lang='lat' dir='ltr'>proelio</span> <span class='ocrx_word' id='word_1_128' title='bbox 568 1658 721 1701; x_wconf 86' lang='lat' dir='ltr'>fuerat.</span> <span class='ocrx_word' id='word_1_129' title='bbox 761 1661 811 1700; x_wconf 88' lang='lat' dir='ltr'>In</span> <span class='ocrx_word' id='word_1_130' title='bbox 852 1675 902 1701; x_wconf 90' lang='lat' dir='ltr'>eo</span> <span class='ocrx_word' id='word_1_131' title='bbox 935 1658 1049 1701; x_wconf 88' lang='lat' dir='ltr'>bello</span> <span class='ocrx_word' id='word_1_132' title='bbox 1082 1659 1325 1718; x_wconf 80' lang='lat' dir='ltr'>Lysander,</span> <span class='ocrx_word' id='word_1_133' title='bbox 1352 1677 1438 1719; x_wconf 92' lang='lat' dir='ltr'>quo</span> 
     </span>
     <span class='ocr_line' id='line_1_20' title="bbox 68 1736 1439 1793; baseline 0.002 -15"><span class='ocrx_word' id='word_1_134' title='bbox 68 1736 178 1779; x_wconf 86' lang='lat' dir='ltr'>(luce</span> <span class='ocrx_word' id='word_1_135' title='bbox 199 1737 483 1781; x_wconf 80' lang='lat' dir='ltr'>Athenienses</span> <span class='ocrx_word' id='word_1_136' title='bbox 512 1738 615 1780; x_wconf 86' lang='lat' dir='ltr'>victi</span> <span class='ocrx_word' id='word_1_137' title='bbox 641 1754 665 1780; x_wconf 91' lang='lat' dir='ltr'>a</span> <span class='ocrx_word' id='word_1_138' title='bbox 695 1736 1034 1780; x_wconf 73' lang='lat' dir='ltr'>Lacedaemoniis</span> <span class='ocrx_word' id='word_1_139' title='bbox 1059 1737 1250 1793; x_wconf 87' lang='lat' dir='ltr'>fuerant,</span> <span class='ocrx_word' id='word_1_140' title='bbox 1277 1739 1439 1782; x_wconf 83' lang='lat' dir='ltr'>interfi-</span> 
     </span>
     <span class='ocr_line' id='line_1_21' title="bbox 69 1815 1438 1876; baseline 0.001 -18"><span class='ocrx_word' id='word_1_141' title='bbox 69 1819 195 1859; x_wconf 89' lang='lat' dir='ltr'>citur.</span> <span class='ocrx_word' id='word_1_142' title='bbox 235 1817 468 1859; x_wconf 85' lang='lat' dir='ltr'>Pausanias</span> <span class='ocrx_word' id='word_1_143' title='bbox 504 1833 695 1876; x_wconf 89' lang='lat' dir='ltr'>quoque,</span> <span class='ocrx_word' id='word_1_144' title='bbox 724 1815 834 1859; x_wconf 87' lang='lat' dir='ltr'>alter</span> <span class='ocrx_word' id='word_1_145' title='bbox 869 1816 956 1859; x_wconf 86' lang='lat' dir='ltr'>dux</span> <span class='ocrx_word' id='word_1_146' title='bbox 982 1817 1438 1870; x_wconf 72' lang='lat' dir='ltr'>Lacedaemoniorum,</span> 
     </span>
     <span class='ocr_line' id='line_1_22' title="bbox 68 1894 1438 1956; baseline 0.002 -19"><span class='ocrx_word' id='word_1_147' title='bbox 68 1894 325 1954; x_wconf 87' lang='lat' dir='ltr'>proditionis</span> <span class='ocrx_word' id='word_1_148' title='bbox 348 1904 578 1938; x_wconf 84' lang='lat' dir='ltr'>accusatus</span> <span class='ocrx_word' id='word_1_149' title='bbox 594 1928 605 1949; x_wconf 93' lang='lat'>,</span> <span class='ocrx_word' id='word_1_150' title='bbox 633 1896 676 1938; x_wconf 89' lang='lat' dir='ltr'>in</span> <span class='ocrx_word' id='word_1_151' title='bbox 702 1894 899 1938; x_wconf 84' lang='lat' dir='ltr'>exsilium</span> <span class='ocrx_word' id='word_1_152' title='bbox 923 1896 1043 1939; x_wconf 90' lang='lat' dir='ltr'>abiit.</span> <span class='ocrx_word' id='word_1_153' title='bbox 1064 1898 1204 1956; x_wconf 86' lang='lat' dir='ltr'>Igitur</span> <span class='ocrx_word' id='word_1_154' title='bbox 1221 1897 1438 1952; x_wconf 87' lang='lat' dir='ltr'>Thebani,</span> 
     </span>
     <span class='ocr_line' id='line_1_23' title="bbox 68 1974 1441 2034; baseline 0.001 -17"><span class='ocrx_word' id='word_1_155' title='bbox 68 1974 193 2034; x_wconf 89' lang='lat' dir='ltr'>potiti</span> <span class='ocrx_word' id='word_1_156' title='bbox 216 1974 420 2026; x_wconf 82' lang='lat' dir='ltr'>victoria,</span> <span class='ocrx_word' id='word_1_157' title='bbox 444 1975 696 2017; x_wconf 88' lang='lat' dir='ltr'>universum</span> <span class='ocrx_word' id='word_1_158' title='bbox 722 1975 961 2017; x_wconf 86' lang='lat' dir='ltr'>exercitum</span> <span class='ocrx_word' id='word_1_159' title='bbox 989 1975 1044 2017; x_wconf 89' lang='lat' dir='ltr'>ad</span> <span class='ocrx_word' id='word_1_160' title='bbox 1064 1976 1216 2018; x_wconf 87' lang='lat' dir='ltr'>urbem</span> <span class='ocrx_word' id='word_1_161' title='bbox 1240 1976 1441 2019; x_wconf 78' lang='lat' dir='ltr'>Lacedae-</span> 
     </span>
     <span class='ocr_line' id='line_1_24' title="bbox 68 2052 1439 2114; baseline 0.001 -18"><span class='ocrx_word' id='word_1_162' title='bbox 68 2054 317 2096; x_wconf 90' lang='lat' dir='ltr'>moniorum</span> <span class='ocrx_word' id='word_1_163' title='bbox 343 2053 528 2108; x_wconf 90' lang='lat' dir='ltr'>ducunt,</span> <span class='ocrx_word' id='word_1_164' title='bbox 544 2052 713 2096; x_wconf 87' lang='lat' dir='ltr'>facilem</span> <span class='ocrx_word' id='word_1_165' title='bbox 728 2054 1094 2113; x_wconf 83' lang='lat' dir='ltr'>expugnationem</span> <span class='ocrx_word' id='word_1_166' title='bbox 1110 2056 1211 2110; x_wconf 87' lang='lat' dir='ltr'>rati,</span> <span class='ocrx_word' id='word_1_167' title='bbox 1233 2056 1439 2114; x_wconf 84' lang='lat' dir='ltr'>quoniam</span> 
     </span>
     <span class='ocr_line' id='line_1_25' title="bbox 69 2132 1442 2192; baseline 0.002 -17"><span class='ocrx_word' id='word_1_168' title='bbox 69 2132 227 2175; x_wconf 86' lang='lat' dir='ltr'>deserti</span> <span class='ocrx_word' id='word_1_169' title='bbox 257 2150 280 2176; x_wconf 88' lang='lat' dir='ltr'>a</span> <span class='ocrx_word' id='word_1_170' title='bbox 316 2134 441 2176; x_wconf 88' lang='lat' dir='ltr'>sociis</span> <span class='ocrx_word' id='word_1_171' title='bbox 481 2133 683 2176; x_wconf 90' lang='lat' dir='ltr'>omnibus</span> <span class='ocrx_word' id='word_1_172' title='bbox 708 2143 834 2176; x_wconf 87' lang='lat' dir='ltr'>erant</span> <span class='ocrx_word' id='word_1_173' title='bbox 861 2150 869 2175; x_wconf 74' lang='grc' dir='ltr'>ε</span> <span class='ocrx_word' id='word_1_174' title='bbox 897 2133 1015 2192; x_wconf 90' lang='lat' dir='ltr'>quod</span> <span class='ocrx_word' id='word_1_175' title='bbox 1042 2143 1284 2178; x_wconf 84' lang='lat' dir='ltr'>metuentes</span> <span class='ocrx_word' id='word_1_176' title='bbox 1310 2136 1442 2178; x_wconf 88' lang='lat' dir='ltr'>Lace-</span> 
     </span>
     <span class='ocr_line' id='line_1_26' title="bbox 70 2211 1441 2272; baseline 0.001 -18"><span class='ocrx_word' id='word_1_177' title='bbox 70 2211 302 2266; x_wconf 77' lang='lat' dir='ltr'>daemonii,</span> <span class='ocrx_word' id='word_1_178' title='bbox 327 2228 473 2272; x_wconf 83' lang='lat' dir='ltr'>regem</span> <span class='ocrx_word' id='word_1_179' title='bbox 503 2229 630 2255; x_wconf 90' lang='lat' dir='ltr'>suum</span> <span class='ocrx_word' id='word_1_180' title='bbox 658 2211 907 2272; x_wconf 85' lang='lat' dir='ltr'>Agesilaum</span> <span class='ocrx_word' id='word_1_181' title='bbox 936 2229 987 2255; x_wconf 88' lang='lat' dir='ltr'>ex</span> <span class='ocrx_word' id='word_1_182' title='bbox 1014 2213 1135 2267; x_wconf 87' lang='lat' dir='ltr'>Asia,</span> <span class='ocrx_word' id='word_1_183' title='bbox 1160 2214 1234 2272; x_wconf 92' lang='lat' dir='ltr'>qui</span> <span class='ocrx_word' id='word_1_184' title='bbox 1264 2213 1323 2256; x_wconf 88' lang='lat' dir='ltr'>ibi</span> <span class='ocrx_word' id='word_1_185' title='bbox 1352 2230 1441 2256; x_wconf 85' lang='lat' dir='ltr'>ma-</span> 
     </span>
     <span class='ocr_line' id='line_1_27' title="bbox 70 2290 1440 2351; baseline 0.002 -18"><span class='ocrx_word' id='word_1_186' title='bbox 70 2306 174 2350; x_wconf 86' lang='lat' dir='ltr'>gnas</span> <span class='ocrx_word' id='word_1_187' title='bbox 202 2306 270 2333; x_wconf 90' lang='lat' dir='ltr'>res</span> <span class='ocrx_word' id='word_1_188' title='bbox 294 2291 489 2350; x_wconf 80' lang='lat' dir='ltr'>gerebat,</span> <span class='ocrx_word' id='word_1_189' title='bbox 519 2290 573 2333; x_wconf 88' lang='lat' dir='ltr'>ad</span> <span class='ocrx_word' id='word_1_190' title='bbox 597 2290 892 2334; x_wconf 89' lang='lat' dir='ltr'>defensionem</span> <span class='ocrx_word' id='word_1_191' title='bbox 916 2292 1065 2351; x_wconf 80' lang='lat' dir='ltr'>patriae</span> <span class='ocrx_word' id='word_1_192' title='bbox 1089 2302 1328 2335; x_wconf 88' lang='lat' dir='ltr'>arcessunt.</span> <span class='ocrx_word' id='word_1_193' title='bbox 1351 2295 1440 2336; x_wconf 89' lang='lat' dir='ltr'>Oc-</span> 
     </span>
     <span class='ocr_line' id='line_1_28' title="bbox 70 2368 1443 2429; baseline 0.002 -18"><span class='ocrx_word' id='word_1_194' title='bbox 70 2369 159 2412; x_wconf 83' lang='lat' dir='ltr'>ciso</span> <span class='ocrx_word' id='word_1_195' title='bbox 182 2370 296 2411; x_wconf 88' lang='lat' dir='ltr'>enim</span> <span class='ocrx_word' id='word_1_196' title='bbox 326 2369 573 2429; x_wconf 87' lang='lat' dir='ltr'>Lysandro,</span> <span class='ocrx_word' id='word_1_197' title='bbox 603 2368 765 2413; x_wconf 92' lang='lat' dir='ltr'>nullius</span> <span class='ocrx_word' id='word_1_198' title='bbox 790 2369 967 2414; x_wconf 87' lang='lat' dir='ltr'>alterius</span> <span class='ocrx_word' id='word_1_199' title='bbox 991 2370 1194 2414; x_wconf 87' lang='lat' dir='ltr'>fiduciam</span> <span class='ocrx_word' id='word_1_200' title='bbox 1221 2371 1343 2414; x_wconf 87' lang='lat' dir='ltr'>ducis</span> <span class='ocrx_word' id='word_1_201' title='bbox 1369 2372 1443 2414; x_wconf 88' lang='lat' dir='ltr'>ha-</span> 
     </span>
     <span class='ocr_line' id='line_1_29' title="bbox 72 2447 1442 2510; baseline 0.002 -21"><span class='ocrx_word' id='word_1_202' title='bbox 72 2447 246 2490; x_wconf 89' lang='lat' dir='ltr'>bebant.</span> <span class='ocrx_word' id='word_1_203' title='bbox 271 2447 408 2506; x_wconf 89' lang='lat' dir='ltr'>Cujus</span> <span class='ocrx_word' id='word_1_204' title='bbox 432 2449 638 2506; x_wconf 90' lang='lat' dir='ltr'>quoniam</span> <span class='ocrx_word' id='word_1_205' title='bbox 672 2465 791 2492; x_wconf 89' lang='lat' dir='ltr'>serus</span> <span class='ocrx_word' id='word_1_206' title='bbox 815 2449 1028 2493; x_wconf 87' lang='lat' dir='ltr'>adventus</span> <span class='ocrx_word' id='word_1_207' title='bbox 1056 2460 1166 2506; x_wconf 86' lang='lat' dir='ltr'>erat,</span> <span class='ocrx_word' id='word_1_208' title='bbox 1194 2451 1442 2510; x_wconf 87' lang='lat' dir='ltr'>conscripto</span> 
     </span>
     <span class='ocr_line' id='line_1_30' title="bbox 72 2526 1442 2586; baseline 0.001 -17"><span class='ocrx_word' id='word_1_209' title='bbox 72 2527 283 2581; x_wconf 84' lang='lat' dir='ltr'>exercitu,</span> <span class='ocrx_word' id='word_1_210' title='bbox 310 2526 485 2569; x_wconf 88' lang='lat' dir='ltr'>obviam</span> <span class='ocrx_word' id='word_1_211' title='bbox 526 2526 638 2570; x_wconf 87' lang='lat' dir='ltr'>hosti</span> <span class='ocrx_word' id='word_1_212' title='bbox 671 2528 926 2586; x_wconf 89' lang='lat' dir='ltr'>procedunt.</span> <span class='ocrx_word' id='word_1_213' title='bbox 958 2529 1041 2572; x_wconf 91' lang='lat' dir='ltr'>Sed</span> <span class='ocrx_word' id='word_1_214' title='bbox 1071 2531 1197 2573; x_wconf 86' lang='lat' dir='ltr'>victis</span> <span class='ocrx_word' id='word_1_215' title='bbox 1237 2530 1442 2573; x_wconf 79' lang='lat' dir='ltr'>adversus</span> 
     </span>
    </p>
   </div>
   <div class='ocr_carea' id='block_1_3' title="bbox 73 2604 1439 2667">
    <p class='ocr_par' dir='ltr' id='par_1_4' title="bbox 73 2604 1439 2667">
     <span class='ocr_line' id='line_1_31' title="bbox 73 2604 1439 2667; baseline 0.002 -19"><span class='ocrx_word' id='word_1_216' title='bbox 73 2604 201 2665; x_wconf 89' lang='lat' dir='ltr'>paulo</span> <span class='ocrx_word' id='word_1_217' title='bbox 224 2614 324 2648; x_wconf 88' lang='lat' dir='ltr'>ante</span> <span class='ocrx_word' id='word_1_218' title='bbox 352 2606 538 2647; x_wconf 83' lang='lat' dir='ltr'>victores</span> <span class='ocrx_word' id='word_1_219' title='bbox 567 2621 646 2648; x_wconf 88' lang='lat' dir='ltr'>nec</span> <span class='ocrx_word' id='word_1_220' title='bbox 669 2608 838 2650; x_wconf 83' lang='lat' dir='ltr'>animus</span> <span class='ocrx_word' id='word_1_221' title='bbox 861 2623 1001 2667; x_wconf 89' lang='lat' dir='ltr'>neque</span> <span class='ocrx_word' id='word_1_222' title='bbox 1026 2609 1134 2651; x_wconf 83' lang='lat' dir='ltr'>vires</span> <span class='ocrx_word' id='word_1_223' title='bbox 1159 2625 1284 2667; x_wconf 81' lang='lat' dir='ltr'>pares</span> <span class='ocrx_word' id='word_1_224' title='bbox 1308 2608 1439 2651; x_wconf 81' lang='lat' dir='ltr'>fuere.</span> 
     </span>
    </p>
   </div>
   <div class='ocr_carea' id='block_1_4' title="bbox 251 2684 1261 2729">
    <p class='ocr_par' dir='ltr' id='par_1_5' title="bbox 251 2684 1261 2729">
     <span class='ocr_line' id='line_1_32' title="bbox 251 2684 1261 2729; baseline -0.002 0"><span class='ocrx_word' id='word_1_225' title='bbox 251 2703 276 2729; x_wconf 88' lang='lat'>1.</span> <span class='ocrx_word' id='word_1_226' title='bbox 1238 2684 1261 2727; x_wconf 74' lang='grc'><em>5</em></span> 
     </span>
    </p>
   </div>
  </div>
 </body>
</html>
