1783 3282
348 230 417 265 162
931 229 1122 263 JUSTINI

344 311 504 356 cordiae
538 311 809 354 humanitate
842 311 1085 370 respiceret.
1124 313 1276 369 Itaque
1315 327 1450 369 quum
1488 309 1607 354 velut
1649 328 1721 355 oc-

343 393 453 435 cisos
485 389 732 446 alienasset,
771 390 992 448 servisque
1027 387 1080 431 de
1117 398 1232 432 statu
1271 389 1520 450 reipublicae
1562 389 1720 434 delibe-

343 470 540 513 rantibus
561 468 793 530 placuisset
811 484 954 527 regem
978 484 1030 510 ex
1057 484 1136 510 suo
1156 484 1339 528 corpore
1357 470 1515 526 creari,
1535 486 1721 530 eumque

341 550 616 609 potissimum
648 549 770 608 quasi
797 546 1144 606 acceptissimum
1172 546 1252 590 diis
1269 581 1280 603 ,
1307 550 1383 607 qui
1416 548 1548 592 solem
1578 551 1721 593 orien-

342 639 428 673 tem
461 630 628 690 primus
665 627 860 679 vidisset,
894 642 985 669 rem
1016 626 1070 669 ad
1105 628 1353 670 Stratonem
1391 627 1500 687 (hoc
1531 630 1645 671 enim
1681 630 1719 672 ei

343 725 499 753 nomen
534 706 653 766 erat)
686 706 911 749 dominum
939 704 1108 749 occulte
1133 704 1337 748 latentem
1365 705 1532 749 detulit.
1564 707 1632 751 Ab
1666 724 1717 750 eo

342 788 576 843 formatus,
605 802 740 845 quum
767 785 910 829 medio
936 786 1076 828 noctis
1102 801 1250 828 omnes
1276 786 1319 827 in
1351 802 1489 828 unum
1519 802 1720 846 campum

341 868 670 927 processissent,
714 866 866 908 ceteris
902 866 947 907 in
987 865 1211 908 Orientem
1245 865 1563 924 spectantibus,
1604 864 1721 909 solus

342 945 592 989 Occidentis
623 943 845 1004 regionem
874 943 1141 986 intuebatur.
1166 943 1216 986 ld
1243 944 1433 1003 primum
1460 943 1553 987 aliis
1585 945 1722 989 videri

340 1025 485 1078 furor,
513 1024 557 1065 in
590 1022 828 1066 Occidente
860 1021 960 1065 solis
982 1031 1127 1064 ortum
1156 1038 1348 1081 quaerere
1370 1039 1378 1065 :
1402 1023 1477 1065 ubi
1503 1040 1607 1066 vero
1633 1024 1722 1067 dies

342 1104 577 1146 adventare
599 1103 753 1163 coepit,
780 1101 1114 1161 editissimisque
1137 1101 1401 1145 culminibus
1427 1103 1547 1146 urbis
1580 1105 1722 1148 oriens

343 1182 594 1243 splendere,
640 1181 990 1242 exspectantibus
1034 1180 1148 1237 aliis,
1179 1191 1227 1224 ut
1259 1182 1401 1241 ipsum
1437 1181 1569 1225 solem
1609 1185 1721 1244 aspi-

342 1271 510 1317 cerent,
538 1262 609 1304 hic
642 1262 809 1321 primus
845 1260 1047 1304 omnibus
1078 1259 1293 1320 fulgorem
1329 1260 1429 1304 solis
1466 1262 1509 1303 in
1551 1278 1720 1305 summo

342 1340 514 1400 fastigio
540 1340 726 1382 civitatis
744 1338 945 1383 ostendit.
968 1340 1069 1383 Non
1097 1338 1263 1383 servilis
1282 1340 1443 1399 ingenii
1473 1341 1584 1383 ratio
1606 1342 1720 1395 visa;

341 1418 754 1478 requirentibusque
779 1428 1022 1473 auctorem,
1052 1417 1104 1461 de
1128 1417 1305 1461 domino
1328 1418 1575 1462 confitetur.
1598 1422 1722 1464 Tunc
1749 1418 1752 1420 ³

342 1497 607 1540 intellectum
652 1506 742 1552 est,
784 1506 998 1556 quantum
1036 1498 1226 1557 ingenua
1270 1496 1498 1540 servilibus
1548 1499 1723 1559 ingenia

342 1586 621 1637 praestarent,
658 1575 909 1635 malitiaque
945 1592 1114 1631 servos,
1155 1592 1243 1618 non
1285 1577 1496 1636 sapientia
1536 1579 1719 1622 vincere.

340 1657 482 1716 Igitur
501 1656 628 1699 venia
653 1656 743 1698 seni
764 1654 941 1715 filioque
969 1655 1069 1698 data
1089 1665 1153 1698 est
1175 1672 1183 1698 2
1205 1665 1247 1698 et
1269 1654 1387 1698 velut
1411 1656 1590 1700 numine
1614 1674 1721 1717 quo-

342 1736 441 1779 dam
476 1745 717 1778 reservatos
755 1734 1043 1790 arbitrantes,
1082 1750 1228 1795 regem
1264 1735 1512 1778 Stratonem
1548 1752 1721 1780 creave-

341 1824 460 1858 runt.
482 1816 586 1857 Post
611 1814 736 1873 cujus
756 1824 940 1857 mortem
958 1830 1062 1874 regn
1072 1830 1143 1857 um
1161 1813 1215 1856 ad
1235 1813 1372 1858 filium
1386 1849 1397 1871 ,
1425 1831 1475 1859 ac
1496 1815 1650 1859 deinde
1668 1817 1722 1860 ad

344 1903 522 1954 nepotes
548 1894 733 1936 transiit.
757 1892 938 1937 Celebre
957 1892 1041 1935 hoc
1061 1909 1285 1936 servorum
1303 1893 1494 1949 facinus,
1521 1904 1720 1938 metuen-

343 1973 534 2032 dumque
587 1971 833 2032 exemplum
874 1981 966 2015 toto
1017 1972 1120 2015 orbe
1171 1982 1387 2015 terrarum
1430 1972 1526 2016 fuit.
1568 1976 1722 2034 Itaque

342 2051 587 2095 Alexander
604 2053 814 2112 Magnus,
831 2068 988 2110 quum,
1008 2052 1233 2111 interjecto
1248 2061 1462 2112 tempore,
1483 2053 1527 2095 in
1542 2054 1722 2097 Oriente

341 2130 503 2174 bellum
531 2140 724 2191 gereret,
753 2129 873 2173 velut
914 2129 1032 2173 ultor
1066 2129 1250 2190 publicae
1284 2131 1552 2187 securitatis,
1586 2148 1721 2193 expu-

343 2220 474 2271 gnata
502 2227 653 2253 eorum
682 2210 806 2266 urbe,
828 2226 997 2262 omnes,
1027 2211 1102 2269 qui
1131 2208 1284 2270 proelio
1310 2210 1643 2270 superfuerant,
1665 2213 1720 2255 ob

341 2290 593 2332 memoriam
623 2290 778 2332 veteris
807 2288 932 2332 caedis
960 2288 1162 2331 crucibus
1189 2288 1352 2342 affixit,
1383 2306 1518 2349 genus
1546 2300 1718 2334 tantum

342 2368 557 2411 Stratonis
580 2367 837 2412 inviolatum
859 2368 1068 2423 servavit,
1089 2384 1361 2428 regnumque
1381 2370 1505 2429 stirpi
1526 2371 1619 2429 ejus
1637 2387 1721 2414 res-

342 2447 484 2501 tituit,
510 2448 710 2507 ingenuis
739 2456 780 2489 et
808 2447 994 2489 innoxiis
1021 2446 1172 2490 incolis
1195 2446 1345 2490 insulae
1375 2449 1622 2507 attributis,
1649 2460 1717 2502 ut,

342 2526 578 2585 exstirpato
608 2525 749 2568 servili
781 2527 996 2586 germine,
1026 2543 1162 2586 genus
1194 2527 1312 2570 urbis
1345 2544 1395 2571 ex
1422 2529 1593 2588 integro
1618 2546 1720 2573 con-

344 2604 529 2648 deretur.
