1783 3282
283 290 300 322 7
312 294 331 316 2
873 272 1059 307 JUSTINI

284 365 420 397 tutem
451 354 648 398 defuisse.
676 356 788 398 Huic
818 357 1026 414 Amyntas
1053 353 1261 408 succedit,
1286 363 1329 396 et
1357 353 1532 413 propria
1557 353 1636 394 vir-

283 442 394 487 tute,
421 443 464 476 et
489 432 727 477 Alexandri
748 433 825 477 filii
852 435 1022 493 egregia
1048 431 1191 474 indole
1218 433 1446 492 insigniter
1470 430 1610 475 clarus
1632 448 1640 473 :

285 513 353 554 cui
368 510 617 555 Alexandro
640 521 764 555 tanta
775 513 973 555 omnium
987 512 1199 553 virtutum
1215 520 1369 553 natura
1392 518 1647 553 ornamenta

285 591 510 646 exstitere,
543 600 591 633 ut
617 592 746 634 etiam
783 589 989 649 Olympio
1020 590 1276 643 certamine,
1303 589 1423 631 vario
1458 587 1646 631 ludicro-

283 684 381 711 rum
409 684 565 729 genere
589 668 876 712 contenderit.

348 748 426 790 III.
461 748 611 803 Quum
644 747 819 790 interim
853 748 1033 803 Darius,
1069 763 1141 790 rex
1170 749 1420 801 Persarum,
1451 745 1567 804 turpi
1597 745 1649 786 ab

286 825 458 884 Scythia
480 825 581 886 fuga
602 826 849 881 submotus,
869 843 922 869 ne
950 826 1110 885 ubique
1131 824 1333 869 deformis
1350 824 1514 868 militiae
1532 823 1652 866 dam·

287 903 353 946 nis
380 903 632 957 haberetur,
664 905 798 947 mittit
828 920 926 947 cum
956 914 1079 963 parte
1112 905 1335 964 copiarum
1366 903 1651 963 B‘Iegabazum

287 981 340 1023 ad
365 982 652 1042 subigendam
671 982 922 1037 Thraciam,
943 992 1171 1041 ceteraque
1194 983 1285 1042 ejus
1305 992 1468 1025 tractus
1493 997 1649 1041 regna:

288 1061 442 1118 quibus
470 1077 551 1119 pro
577 1059 758 1120 ignobili
783 1069 1005 1103 momento
1029 1070 1121 1103 erat
1137 1077 1360 1103 accessura
1381 1060 1651 1103 Macedonia.

291 1138 402 1193 Qui,
430 1138 551 1180 brevi
579 1147 774 1198 tempore
804 1149 1006 1182 exsecuto
1036 1140 1147 1199 regis
1179 1140 1381 1198 imperio,
1409 1137 1560 1199 legatis
1600 1138 1653 1181 ad

295 1219 521 1275 Amyntam
551 1233 696 1277 regem
726 1218 994 1261 Macedoniae
1022 1218 1181 1272 missis,
1215 1217 1385 1260 obsides
1415 1218 1459 1260 in
1498 1219 1655 1278 pignus

293 1294 445 1337 futurae
485 1297 604 1355 pacis
642 1295 735 1339 dari
770 1297 851 1339 sibi
886 1295 1146 1356 postulabat.
1178 1296 1261 1339 Sed
1298 1295 1449 1356 legati,
1472 1297 1656 1357 benigne

294 1375 482 1433 excepti,
499 1374 613 1417 inter
636 1374 804 1435 epulas,
821 1376 1028 1419 ebrietate
1046 1385 1284 1429 crescente,
1309 1384 1465 1435 rogant
1490 1377 1655 1435 Amyn-

295 1463 402 1507 tam,
423 1473 442 1493 ι(
459 1456 519 1497 Ut
543 1456 771 1514 apparatui
798 1454 1024 1514 epularum
1048 1455 1222 1514 adjiciat
1245 1458 1316 1514 jus
1339 1453 1657 1506 familiaritatis,

293 1531 496 1574 adhibitis
527 1533 570 1574 in
610 1534 857 1576 convivium
890 1535 976 1577 suis
1011 1550 1059 1576 ac
1086 1533 1162 1576 filii
1192 1533 1399 1576 uxoribus
1430 1550 1437 1575 :
1471 1532 1515 1575 id
1542 1532 1658 1592 apud

293 1612 442 1653 Persas
473 1611 622 1653 haberi
649 1614 808 1672 pignus
848 1628 896 1655 ac
929 1612 1066 1655 foedus
1100 1612 1333 1671 hospitii.»
1363 1613 1472 1668 Quae
1507 1621 1555 1654 ut
1587 1627 1661 1653 ve-

296 1699 476 1742 nerunt,
519 1689 781 1750 petulantius
817 1692 957 1734 Persis
1003 1708 1072 1733 eas
1115 1690 1506 1744 contrectantibus,
1548 1689 1660 1733 filius

296 1769 495 1829 Amyntae
532 1769 776 1813 Alexander
819 1779 942 1830 rogat
983 1780 1172 1829 patrem,
1215 1778 1411 1829 respectu
1439 1769 1575 1812 aetatis
1611 1785 1661 1812 ac

297 1848 520 1907 gravitatis
558 1864 644 1891 suae
674 1848 813 1891 abiret
842 1849 1060 1903 convivio,
1094 1848 1335 1908 pollicitus,
1369 1865 1412 1891 se
1441 1849 1661 1907 hospitum

298 1936 640 1986 temperaturum
675 1929 809 1986 jocos.
853 1929 955 1984 Quo
995 1927 1211 1987 digresso,
1253 1926 1454 1970 mulieres
1491 1942 1662 1986 quoque

300 2004 524 2064 paululum
554 2022 576 2048 e
605 2007 804 2049 convivio
837 2016 1008 2060 evocat,
1040 2005 1197 2049 cultius
1229 2014 1540 2056 exornaturus,
1567 2022 1663 2065 gra-

297 2085 516 2143 tioresque
545 2085 819 2128 reducturus.
856 2088 906 2128 In
940 2102 1124 2144 quarum
1161 2084 1304 2127 locum
1335 2084 1567 2128 matronali
1595 2085 1665 2127 ha-

300 2164 393 2207 bitu
417 2174 646 2207 exornatos
666 2165 845 2224 juvenes
869 2164 1095 2224 supponit,
1120 2180 1276 2224 eosque
1299 2163 1582 2224 petulantiam
1607 2163 1665 2206 le-

301 2253 501 2303 gatorum
525 2244 659 2299 ferro,
688 2244 804 2302 quod
824 2244 902 2287 sub
926 2253 1041 2286 veste
1063 2244 1294 2304 gerebant,
1317 2259 1588 2302 compescere
1602 2244 1666 2302 ju-

301 2324 387 2365 bet.
415 2326 558 2381 Atque
581 2323 640 2365 ita
667 2323 903 2366 interfectis
928 2322 1148 2377 omnibus,
1174 2323 1349 2382 ignarus
1373 2324 1433 2365 rei
1456 2323 1663 2383 Megaba-

303 2418 398 2457 zus,
424 2417 559 2461 quum
582 2400 712 2461 legati
739 2418 827 2444 non
852 2401 1063 2457 redirent,
1095 2402 1227 2445 mittit
1251 2417 1301 2444 eo
1332 2418 1431 2444 cum
1454 2403 1666 2444 exercitus

304 2489 425 2540 parte
444 2480 679 2535 Bubarem,
698 2489 745 2523 ut
766 2481 810 2523 in
825 2479 987 2523 bellum
1008 2480 1130 2523 facile
1147 2490 1190 2523 et
1210 2480 1446 2535 mediocre;
1463 2480 1667 2541 dedigna-

304 2568 373 2602 tus
403 2560 493 2618 ipse
517 2560 596 2613 ire,
623 2575 676 2601 ne
702 2559 1060 2602 dehonestaretur
1080 2559 1233 2619 proelio
1259 2570 1345 2603 tam
1371 2560 1489 2602 foedae
1512 2560 1663 2620 gentis.

305 2639 386 2682 Sed
415 2638 604 2682 Bubares
637 2648 736 2680 ante
769 2637 930 2681 bellum
965 2655 1109 2681 amore
1141 2638 1234 2681 filiae
1263 2642 1457 2697 Amyntae
1487 2647 1665 2697 captus,
