1783 3282
354 249 373 272 2
380 237 400 272 8
940 233 957 267 J
963 232 1127 267 USTINI

354 334 489 379 quum
518 317 749 371 amisisset,
776 313 830 359 ad
856 325 1127 375 postremum
1159 329 1306 357 morsu
1334 327 1488 355 navem
1519 310 1718 354 detinuit.

353 400 535 441 Tantam
557 396 601 438 in
623 411 674 438 eo
695 395 903 438 virtutem
925 393 1074 449 fuisse,
1098 403 1148 436 ut
1169 409 1256 436 non
1281 402 1346 435 tot
1367 390 1555 435 caedibus
1570 389 1721 450 fatiga-

355 487 443 532 tus,
466 492 551 518 non
575 474 741 518 duabus
764 474 964 517 manibus
981 472 1148 516 amissis
1162 473 1324 527 victus,
1348 481 1529 514 truncus
1547 469 1601 512 ad
1624 485 1722 528 pos-

356 566 560 611 tremum,
583 564 626 597 et
648 553 782 596 veluti
797 551 946 596 rabida
970 551 1079 606 fera,
1102 550 1304 594 dentibus
1321 549 1605 593 dimicaverit.
1629 550 1723 591 Du-

355 644 479 677 centa
507 632 642 677 millia
667 635 808 676 Persae
841 648 892 674 eo
920 629 1091 690 proelio,
1129 630 1219 673 sine
1249 628 1494 688 naufragio,
1529 628 1720 671 amisere.

355 713 525 756 Cecidit
548 722 590 755 et
610 712 814 771 Hippias,
849 720 1059 770 tyrannus
1081 708 1369 763 atheniensis,
1393 716 1546 750 auctor
1562 716 1605 749 et
1625 722 1726 749 con-

356 793 466 836 citor
487 793 578 852 ejus
599 790 721 847 belli,
739 790 819 834 diis
842 790 993 849 patriae
1010 788 1226 831 ultoribus
1246 803 1392 847 poenas
1412 785 1721 845 repetentibus.

418 874 472 915 X.
502 873 674 914 Interea
702 880 744 914 et
775 869 961 924 Darius,
990 884 1125 927 quum
1163 865 1327 910 bellum
1358 875 1648 921 restauraret,
1681 865 1724 908 in

356 952 449 1010 ipso
472 959 683 1010 apparatu
706 948 877 992 decedit
893 982 904 1003 ,
929 945 1094 990 relictis
1117 945 1265 989 multis
1288 944 1405 1000 filiis,
1429 954 1472 987 et
1493 945 1538 987 in
1562 961 1698 1005 regno
1714 978 1725 1000 ,

356 1040 398 1072 et
425 1039 524 1072 ante
550 1044 733 1089 regnum
772 1027 996 1085 susceptis.
1026 1028 1090 1069 Ex
1126 1025 1192 1068 his
1226 1026 1480 1068 Artemenes
1513 1025 1727 1068 maximus

357 1118 480 1163 natu,
498 1109 633 1151 aetatis
650 1105 896 1166 privilegio,
914 1121 1096 1165 regnum
1112 1104 1193 1147 sibi
1211 1103 1463 1146 vindicabat
1481 1119 1489 1145 :
1508 1103 1625 1162 quod
1641 1103 1726 1163 jus,

357 1197 400 1230 et
427 1186 534 1230 ordo
559 1185 782 1241 nascendi,
811 1195 853 1228 et
879 1194 1036 1227 natura
1066 1184 1157 1243 ipsa
1184 1183 1385 1243 gentibus
1421 1181 1552 1226 dedit.
1589 1185 1728 1226 Porro

357 1269 521 1310 Xerxes
557 1266 897 1309 controversiam
924 1280 1012 1307 non
1047 1263 1099 1307 de
1128 1263 1304 1318 ordine,
1335 1262 1408 1306 sed
1442 1262 1494 1305 de
1522 1262 1727 1306 nascendi

357 1344 562 1388 felicitate
591 1344 816 1387 referebat.
842 1344 1079 1402 «Namque
1107 1345 1386 1386 Artemenem
1414 1343 1603 1402 primum
1633 1343 1728 1400 qui·

360 1424 458 1468 dem
480 1426 642 1480 Dario,
668 1424 741 1468 sed
764 1425 934 1484 privato
958 1424 1206 1482 provenisse
1231 1439 1238 1465 :
1264 1439 1307 1465 se
1329 1423 1419 1482 regi
1443 1423 1634 1481 primum
1658 1438 1731 1464 na-

361 1514 467 1547 tum.
494 1506 664 1546 Fratres
692 1505 837 1562 itaque
859 1519 984 1558 suos,
1009 1504 1082 1562 qui
1108 1512 1208 1545 ante
1236 1503 1370 1562 geniti
1396 1511 1562 1557 essent,
1589 1502 1729 1561 priva-

361 1593 454 1626 tum
483 1583 821 1642 patrimonium,
850 1581 967 1640 quod
991 1598 1041 1624 eo
1069 1591 1265 1640 tempore
1296 1581 1457 1624 Darius
1482 1581 1729 1634 habuisset,

360 1679 447 1705 non
470 1678 652 1722 regnum
675 1662 756 1704 sibi
774 1660 995 1703 vindicare
1019 1676 1168 1720 posse:
1195 1676 1241 1703 se
1260 1676 1370 1715 esse,
1390 1676 1519 1719 quem
1538 1660 1727 1719 primum

360 1744 403 1784 in
430 1758 564 1802 regno
589 1742 679 1800 jam
710 1757 783 1783 rex
810 1749 932 1800 pater
962 1738 1197 1783 sustulerit.
1227 1741 1325 1782 Huc
1357 1739 1587 1795 accedere,
1613 1739 1730 1799 quod

364 1826 613 1865 Artemenes
636 1837 723 1864 non
746 1830 868 1880 patre
892 1829 1089 1875 tantum,
1121 1819 1194 1862 sed
1224 1829 1266 1862 et
1295 1829 1433 1862 matre
1458 1821 1636 1879 privatae
1659 1819 1732 1862 ad-

360 1901 446 1944 huc
478 1900 678 1955 fortunae,
708 1916 788 1943 avo
822 1916 995 1959 quoque
1028 1908 1225 1942 materno
1258 1900 1450 1958 privato,
1476 1908 1731 1958 procreatus

362 1981 413 2023 sit
437 1997 444 2022 :
471 1996 513 2023 se
539 1996 642 2023 vero
669 1989 711 2022 et
738 1989 875 2022 matre
903 1980 1053 2039 regina
1078 1989 1250 2034 natum,
1275 1988 1318 2021 et
1344 1988 1512 2038 patrem
1538 1995 1624 2021 non
1649 1979 1730 2021 nisi

362 2075 507 2119 regem
522 2059 698 2113 vidisse3
721 2075 849 2102 avum
871 2075 1044 2118 quoque
1067 2068 1313 2101 maternum
1329 2060 1492 2117 Cyrum
1519 2074 1561 2100 se
1585 2074 1730 2118 regem

363 2139 588 2193 habuisse,
620 2156 707 2181 non
730 2138 961 2193 heredem,
988 2138 1061 2181 sed
1084 2137 1354 2181 conditorem
1385 2138 1495 2180 tanti
1520 2138 1662 2197 regni,
1689 2147 1732 2180 et

363 2219 395 2260 si
417 2219 458 2260 in
481 2235 604 2277 aequo
624 2219 722 2277 jure
746 2228 983 2277 utrumque
1003 2217 1184 2261 fratrem
1209 2226 1333 2277 pater
1355 2215 1618 2274 reliquisset,
1643 2231 1733 2258 ma-

363 2307 486 2340 terno
500 2307 644 2340 tamen
663 2314 705 2341 se
722 2298 819 2357 jure
841 2307 884 2340 et
904 2298 1020 2340 avito
1041 2297 1228 2340 vincere.
1245 2299 1374 2340 »Hoc
1391 2305 1612 2339 certamen
1627 2311 1731 2339 con-

363 2376 482 2419 cordi
505 2378 650 2420 animo
673 2377 727 2419 ad
757 2386 961 2436 patruum
989 2393 1115 2419 suum
1142 2376 1458 2436 Artaphernem
1476 2409 1487 2431 ,
1515 2374 1649 2418 veluti
1678 2375 1732 2417 ad

362 2455 648 2498 domesticum
666 2455 885 2515 judicem,
902 2455 1127 2498 deferunt:
1153 2457 1227 2514 qui
1251 2455 1368 2498 domi
1393 2455 1570 2515 cognita
1587 2470 1730 2510 causa,

361 2537 551 2578 Xerxem
574 2536 810 2594 praeposuit
833 2552 840 2576 :
865 2534 1058 2595 adeoque
1086 2535 1276 2578 fraterna
1306 2535 1529 2578 contentio
1553 2533 1654 2587 fuit,
1683 2543 1732 2576 ut

361 2630 439 2656 nec
459 2614 597 2657 victor
615 2612 905 2668 insultaverit,
929 2631 1006 2656 nec
1031 2615 1171 2657 victus
1197 2613 1413 2667 doluerit3
1440 2615 1620 2673 ipsoque
1645 2611 1731 2654 litis
