1783 3282
286 269 354 301 152
869 266 1054 300 JUSTINI

282 349 521 392 cinorosior
549 348 765 404 redditus,
796 359 838 392 et
864 349 1172 392 dissensionem
1200 346 1351 406 populi
1376 346 1637 390 occasionem

283 427 535 470 invadendae
555 427 798 488 tyrannidis
818 427 1068 471 existimans
1081 459 1092 481 ,
1112 426 1253 485 primo
1268 427 1423 468 tacitus
1442 441 1540 468 cum
1558 426 1645 467 Mi-

284 506 490 561 thridate,
517 507 676 550 civium
697 522 876 550 suorum
899 505 1023 547 hoste
1040 538 1050 560 ⁷
1070 503 1361 562 colloquitur3
1384 514 1426 547 et
1451 505 1555 546 inita
1579 519 1646 546 so-

284 585 437 628 cietate
463 586 717 646 paciscitur,
750 594 799 627 ut
830 593 1056 627 revocatus
1089 583 1133 625 in
1164 583 1370 642 patriam,
1403 582 1575 642 prodita
1610 582 1647 624 ei

285 663 411 719 urbe,
439 664 665 724 praefectus
694 664 784 722 ejus
817 663 1166 705 constitueretur.
1191 663 1346 704 Postea
1369 670 1515 703 autem
1546 660 1649 702 insi-

285 742 375 785 dias
391 777 402 797 ,
423 759 529 802 quas
551 743 715 785 civibus
733 750 987 802 paraverat,
1010 741 1055 783 in
1076 741 1217 800 ipsum
1236 739 1533 783 Mithridatem
1554 754 1650 780 ver-

286 823 351 865 tit.
383 823 583 881 Namque
613 838 771 881 quum,
805 820 924 864 velut
957 821 1118 863 arbiter
1152 819 1288 863 civilis
1318 818 1566 872 discordiae,
1600 816 1652 858 de

287 901 437 945 exsilio
455 916 652 943 reversus
672 910 803 953 esset,
833 909 996 942 statuto
1029 909 1247 958 tempore,
1273 915 1359 957 quo
1390 898 1542 941 urbem
1563 897 1651 940 Mi-

288 980 468 1023 thridati
495 979 705 1035 traderet,
726 980 868 1038 ipsum
897 994 996 1021 cum
1022 979 1170 1021 amicis
1191 979 1277 1021 suis
1300 979 1432 1037 cepit3
1453 987 1653 1037 captum-

289 1076 391 1119 que,
421 1069 595 1118 accepta
624 1059 792 1119 ingenti
821 1059 1026 1118 pecunia,
1053 1056 1230 1100 dimisit.
1255 1060 1398 1115 Atque
1423 1066 1473 1099 ut
1504 1057 1548 1098 in
1580 1055 1655 1098 illo

289 1138 483 1181 subitum
506 1155 550 1182 se
572 1155 624 1181 ex
645 1139 763 1181 socio
791 1137 892 1180 fecit
913 1138 1106 1191 hostem,
1132 1139 1192 1180 sic
1214 1153 1265 1179 ex
1289 1135 1514 1179 defensore
1536 1151 1656 1178 sena-

291 1218 411 1260 toriae
432 1234 587 1273 causae,
610 1226 789 1277 repente
812 1226 1022 1276 patronus
1044 1215 1184 1275 plebis
1208 1217 1364 1269 evasit3
1388 1225 1431 1258 et
1453 1214 1658 1257 adversus

291 1307 490 1340 auctores
519 1297 722 1356 potentiae
748 1313 851 1351 suae,
881 1313 905 1339 a
930 1296 1088 1355 quibus
1115 1305 1340 1339 revocatus
1376 1295 1419 1336 in
1454 1295 1658 1354 patriam,

292 1392 369 1435 per
396 1392 503 1435 quos
539 1376 583 1418 in
614 1392 713 1418 arce
747 1374 985 1418 collocatus
1016 1374 1175 1428 fuerat,
1205 1390 1293 1416 non
1321 1372 1461 1417 solum
1490 1372 1660 1432 plebem

292 1455 513 1510 accendit,
539 1470 689 1497 verum
719 1455 849 1497 etiam
883 1453 1189 1497 nefandissima
1218 1469 1399 1512 quaeque
1426 1453 1662 1511 tyrannicae

293 1531 561 1576 crudelitatis
577 1534 784 1575 exercuit.
802 1534 943 1592 Igitur
961 1532 1124 1592 populo
1146 1532 1199 1574 ad
1221 1532 1477 1574 concionem
1493 1540 1663 1583 vocato,

294 1613 480 1672 «Neque
505 1627 548 1655 se
572 1612 827 1655 adfuturum
851 1611 1036 1671 amplius
1062 1612 1273 1671 grassanti
1297 1612 1341 1653 in
1364 1609 1577 1669 populum
1601 1625 1665 1651 se-

296 1693 467 1746 natui‚›>
491 1691 569 1747 ait;
598 1692 971 1734 «intercessurum
997 1691 1147 1744 etiam,
1175 1692 1208 1733 si
1232 1691 1273 1732 in
1301 1691 1481 1749 pristina
1505 1689 1666 1731 saevitia

296 1780 542 1830 perseveret
564 1787 572 1813 :
591 1769 709 1829 quod
732 1771 767 1813 si
791 1787 913 1830 pares
937 1787 980 1812 sc
1009 1769 1255 1812 crudelitati
1281 1778 1530 1812 senatorum
1553 1768 1668 1810 arbi-

300 1859 490 1904 trentur,
526 1851 750 1892 abiturum
782 1866 881 1892 cum
914 1849 1123 1892 militibus
1160 1851 1264 1904 suis,
1300 1865 1439 1907 neque
1468 1847 1668 1891 civilibus

300 1928 526 1971 discordiis
553 1928 881 1972 interfuturum.
915 1930 989 1971 Sin
1023 1945 1126 1971 vero
1159 1928 1359 1970 diffidant
1383 1927 1548 1969 viribus
1567 1943 1668 1986 pro-

302 2009 424 2067 priis,
448 2007 651 2051 vindictae
684 2024 726 2051 se
753 2008 913 2051 civium
943 2024 1029 2050 non
1065 2007 1330 2050 defuturum.
1357 2005 1546 2049 Proinde
1575 2022 1672 2048 con-

303 2086 447 2129 sulant
462 2087 541 2130 sibi
565 2088 665 2147 ipsi,
687 2087 868 2147 jubeant
892 2087 1011 2130 abire
1035 2103 1096 2140 se⁷
1121 2103 1172 2128 an
1199 2083 1351 2127 malint
1375 2101 1514 2127 causae
1535 2101 1673 2145 popu-

303 2166 403 2209 laris
424 2167 591 2209 socium
619 2182 856 2210 remanere.
874 2186 893 2206 ))
916 2167 992 2208 His
1009 2165 1151 2208 verbis
1171 2164 1400 2208 sollicitata
1419 2163 1540 2223 plebs
1563 2181 1675 2207 sum-

305 2262 425 2289 mum
443 2245 498 2289 ad
520 2262 622 2289 eum
642 2246 874 2306 imperium
897 2244 1052 2297 defin-13
1079 2254 1121 2287 et
1151 2243 1254 2286 dum
1278 2253 1450 2286 senatus
1470 2245 1674 2302 potentiae

306 2326 526 2380 irascitur,
551 2326 596 2369 in
625 2327 877 2370 servitutem
907 2341 949 2366 se
977 2325 1213 2383 tyrannicae
1237 2323 1548 2366 dominationis
1575 2339 1673 2366 cum

306 2405 566 2465 conjugibus
590 2414 633 2447 et
653 2404 799 2447 liberis
825 2402 969 2446 tradit.
993 2404 1134 2463 Igitur
1162 2402 1397 2446 Clearchus
1426 2419 1483 2447 Lx
1507 2412 1675 2446 senato-

307 2500 374 2527 res
406 2484 743 2544 comprehensos
772 2484 787 2543 ζ
802 2499 901 2526 nam
932 2484 1062 2525 ceteri
1098 2484 1140 2525 in
1172 2483 1319 2542 fugam
1342 2481 1497 2543 dilapsi
1530 2483 1674 2541 erantj

309 2563 354 2606 in
375 2561 552 2607 vincula
575 2563 828 2623 compingit.
862 2563 1018 2605 Laetari
1043 2560 1189 2621 plebs,
1217 2561 1336 2621 quod
1357 2578 1381 2605 a
1408 2561 1517 2605 duce
1547 2561 1678 2620 potis-

319 2642 475 2687 simum
494 2651 762 2697 senatorum,
781 2651 953 2685 senatus
968 2639 1185 2684 deleretur
1200 2675 1209 2694 ,
1224 2641 1538 2700 versaque‘vice
1558 2640 1676 2682 auxi-
