1783 3282
326 303 395 326 120
909 293 1095 327 JUSTINI

321 374 440 432 poris
479 375 543 417 sui
572 390 659 417 non
688 373 999 417 Macedonibus
1038 384 1207 418 tantum
1243 391 1308 431 se,
1344 391 1495 419 verum
1531 384 1572 418 et
1602 375 1684 419 illis

329 453 606 497 crediturum.
640 473 660 494 »
693 455 837 512 Atque
875 454 933 495 ita
967 451 1084 495 mille
1124 469 1174 494 ex
1215 453 1280 496 his
1310 454 1490 513 juvenes
1526 454 1571 497 in
1605 469 1685 496 nu-

326 548 494 575 merum
517 530 750 575 satellitum
778 530 901 590 legit,
931 529 1192 573 auxiliorum
1221 547 1395 592 quoque
1420 533 1685 592 portionem,

328 611 555 654 formatam
600 611 644 652 in
689 608 963 669 disciplinam
1000 608 1319 666 Macedonum,
1364 612 1569 654 exercitui
1609 628 1685 655 suo

333 689 488 733 miscet.
517 690 662 745 Quam
687 704 778 730 rem
804 704 914 748 aegre
948 687 1205 731 Macedones
1229 687 1451 742 tulerunt,
1477 690 1688 748 jactantes

329 771 515 812 «Hostes
539 784 637 811 suos
666 768 710 809 in
739 766 928 810 officium
953 783 1080 810 suum
1103 784 1126 810 a
1151 784 1250 828 rege
1273 768 1499 828 subjectos.
1521 788 1541 808 »
1567 770 1689 811 Tunc

330 848 519 891 universi
546 847 696 890 flentes
728 862 874 906 regem
901 846 1087 902 adeunt,
1116 857 1269 904 orant,
1299 867 1318 888 c<
1345 847 1575 908 Suppliciis
1604 848 1690 890 suis

332 927 475 985 potius
511 934 675 968 saturet
707 941 749 967 se
768 960 779 982 ,
820 941 951 984 quam
989 926 1273 970 contumeliis.
1305 947 1324 967 »
1354 928 1452 983 Qua
1482 926 1691 969 modestia

332 1005 644 1058 obtinuerunt,
684 1013 733 1046 ut
767 1003 967 1046 undecim
1000 1004 1136 1047 millia
1168 1003 1356 1048 militum
1386 1015 1691 1048 veteranorum

333 1091 642 1125 exauctoraret.
683 1081 767 1124 Sed
811 1098 863 1125 ex
902 1083 1048 1125 amicis
1087 1083 1251 1126 dimissi
1298 1100 1446 1139 senes,
1487 1083 1692 1143 Polyper-

333 1161 471 1216 chon,
507 1159 670 1215 Clitus,
713 1161 923 1221 Gorgias,
960 1160 1240 1222 Polydamas,
1270 1162 1481 1216 Amadas,
1515 1163 1693 1222 Antige-

334 1257 421 1284 nes.
453 1241 651 1285 Dimissis
684 1240 750 1283 his
784 1241 989 1283 Craterus
1026 1241 1315 1300 praeponitur,
1342 1242 1484 1301 jussus
1517 1257 1694 1300 praeesse

335 1319 645 1363 Macedonibus
677 1319 721 1361 in
746 1319 966 1378 Antipatri
999 1318 1165 1373 locum3
1197 1320 1564 1379 Antipatrumque
1595 1335 1694 1362 cum

337 1397 637 1458 supplemento
675 1398 865 1440 tironum
897 1399 941 1440 in
979 1397 1121 1441 locum
1152 1399 1242 1458 ejus
1277 1407 1426 1441 evocat
1451 1398 1696 1458 :stipendia
1754 1415 1758 1417 “

338 1477 676 1529 revertentibus,
691 1475 824 1519 veluti
847 1475 1151 1532 militantibus,
1176 1477 1286 1519 data.
1310 1478 1427 1519 Dum
1449 1477 1540 1519 haec
1563 1493 1697 1536 agun-

341 1565 432 1610 tur,
462 1571 572 1598 unus
606 1571 657 1597 ex
692 1555 839 1597 amicis
866 1556 956 1614 ejus
988 1555 1265 1614 Hephaestion
1300 1555 1488 1608 decedit,
1525 1555 1697 1598 dotibus

340 1635 479 1694 primo
501 1633 649 1676 formae
666 1634 967 1693 pueritiaeque,
988 1649 1088 1676 mox
1111 1634 1347 1692 obsequiis,
1362 1635 1453 1693 regi
1475 1649 1696 1693 percarus,

341 1731 470 1774 quern
494 1722 645 1756 contra
674 1712 804 1755 decus
829 1712 995 1772 regium
1027 1711 1270 1755 Alexander
1298 1711 1370 1754 diu
1396 1711 1524 1766 luxit3
1554 1721 1698 1754 tumu-

341 1793 518 1853 lumque
554 1794 592 1835 ei
629 1807 695 1835 ΧΠ
729 1791 913 1834 millium
948 1791 1210 1835 talentorum
1237 1791 1357 1846 fecit3
1394 1807 1579 1850 eumque
1605 1799 1700 1850 post

343 1882 527 1916 mortem
553 1870 636 1915 coli
661 1880 706 1913 ut
729 1871 857 1914 deum
877 1872 1016 1930 jussit.

406 1953 525 1995 XIII.
554 1952 620 1994 Ab
644 1950 805 1993 ultimis
837 1949 1036 1993 litoribus
1059 1952 1221 1994 Oceani
1252 1949 1532 2010 Babyloniam
1555 1963 1700 1990 rever-

346 2032 451 2075 tenti
464 2031 707 2084 nuntiatur,
728 2028 962 2089 legationes
979 2030 1423 2089 Carthaginiensium,
1441 2037 1702 2070 ceterarum-

347 2125 429 2169 que
453 2109 607 2153 Africae
629 2110 873 2163 civitatum,
903 2108 974 2150 sed
998 2117 1040 2150 et
1061 2108 1387 2167 Hispaniarum,
1407 2105 1581 2159 Siciliae,
1603 2104 1703 2148 Gal-

347 2187 429 2245 liae,
451 2187 676 2242 Sardiniae,
695 2185 923 2229 nonnullas
944 2202 1114 2245 quoque
1135 2203 1184 2229 ex
1198 2186 1340 2241 Italia,
1362 2187 1452 2245 ejus
1470 2184 1701 2226 adventum

349 2266 592 2328 Babyloniae
627 2266 831 2326 opperiri.
873 2265 991 2309 Adeo
1035 2266 1283 2307 universum
1318 2273 1527 2307 terrarum
1556 2262 1704 2306 orbem

349 2346 534 2390 nominis
564 2347 653 2404 ejus
684 2355 823 2387 terror
847 2345 1088 2397 invaserat,
1116 2353 1163 2385 ut
1193 2354 1355 2386 cunctae
1383 2352 1550 2402 gentes,
1573 2341 1706 2385 veluti

349 2423 561 2467 destinato
586 2423 665 2466 sibi
690 2423 780 2482 regi
810 2420 1103 2464 adularentur.
1130 2423 1221 2464 Hac
1245 2422 1377 2481 igitur
1403 2438 1453 2463 ex
1478 2437 1602 2464 causa
1628 2423 1707 2462 Ba—

350 2501 567 2562 byloniam
600 2502 840 2555 festinanti,
871 2500 1006 2542 veluti
1043 2510 1305 2543 conventum
1344 2510 1556 2543 terrarum
1593 2499 1708 2541 orbis

351 2591 520 2636 acturo,
549 2580 724 2640 quidam
756 2596 807 2622 ex
837 2580 976 2639 Magis
1009 2579 1226 2638 praedixit,
1253 2581 1360 2622 «Ne
1389 2579 1541 2621 urbem
1575 2578 1710 2619 intro-

352 2660 485 2717 iret,»
512 2669 687 2702 testatus
716 2662 876 2702 «Hunc
906 2658 1050 2701 locuni
1079 2660 1117 2701 ei
1140 2658 1308 2701 fatalem
1335 2658 1437 2700 fore.
1455 2677 1474 2696 ))
1508 2656 1576 2699 Oh
1603 2656 1710 2707 hoc,
