1783 3282
500 255 591 269 513}ssssss
598 256 639 268 REX
644 255 685 268 84ὶῖ
690 256 702 267 ἱ
706 256 719 267 ἱ
723 255 846 268 ΝΝΣἎἮὮΣ
850 256 907 267 mvl
911 255 939 267 Q!
943 256 955 267 Χ
961 256 969 267 Χ
975 255 1083 267 UVSUUWW
1087 257 1095 266 ι
1100 254 1285 267 NWIQWWQW
1289 253 1411 266 ΜᾸΝΣΊ
1416 254 1445 265 W
1449 253 1567 265 bXOE-WNOEOE!
1571 252 1714 265 WWVWQQU

817 463 1072 519 LIBER
1116 463 1244 516 XV.

343 902 375 942 I.
470 913 686 952 ERDICCA,
707 906 748 939 et
772 896 905 939 fratre
929 896 1020 955 ejus
1038 897 1253 951 Eumene,
1279 910 1327 938 ac
1344 893 1721 955 Polyperchonte,

343 978 583 1035 ceterisque
614 976 793 1018 ducibus
827 974 1009 1017 diversae
1040 974 1175 1033 partis
1207 974 1385 1029 occisis,
1422 973 1600 1017 finitum
1627 988 1721 1015 cer-

344 1068 489 1100 tamen
532 1057 646 1098 inter
692 1070 958 1097 successores
999 1052 1236 1097 Alexandri
1281 1052 1433 1113 Magni
1468 1052 1723 1106 videbatur,

344 1152 479 1196 quum
508 1144 686 1195 repente
726 1135 840 1176 inter
878 1134 992 1193 ipsos
1021 1134 1208 1176 victores
1244 1142 1345 1176 nata
1376 1131 1594 1175 discordia
1625 1141 1722 1175 est:

344 1217 506 1275 quippe
528 1213 850 1274 postulantibus
876 1212 1137 1269 Ptolemaeo,
1167 1222 1210 1255 et
1235 1212 1506 1267 Cassandro,
1531 1220 1574 1255 et
1600 1212 1725 1271 Lysi-

345 1295 523 1349 macho,
542 1313 561 1333 «
578 1296 640 1337 Ut
656 1293 838 1352 pecunia
859 1293 903 1334 in
930 1292 1074 1352 praeda
1102 1302 1247 1352 capta,
1274 1292 1596 1351 provinciaeque
1618 1291 1727 1333 divi-

346 1374 612 1426 derenturst)
629 1372 876 1432 Antigonus
902 1373 1101 1431 negavit,
1122 1392 1141 1412 «
1160 1373 1213 1415 Se
1236 1372 1281 1414 in
1306 1371 1398 1430 ejus
1422 1369 1526 1413 belli
1548 1370 1727 1430 praemia
1758 1416 1761 1418 ,

347 1454 482 1496 socios
512 1452 824 1506 admissurum,
856 1453 899 1493 in
924 1452 1046 1511 cujus
1075 1450 1318 1511 periculum
1345 1449 1462 1494 solus
1492 1448 1726 1492 descende-

347 1533 416 1574 rit.
439 1551 458 1571 n
488 1534 542 1574 Et
572 1540 620 1572 ut
648 1530 882 1572 honestum
913 1529 1118 1572 adversus
1151 1530 1289 1572 socios
1317 1528 1483 1572 bellum
1510 1529 1728 1588 suscipere

346 1611 589 1665 videretur,
629 1608 846 1668 divulgat,
883 1611 973 1652 «Se
1006 1609 1279 1669 Olympiadis
1321 1619 1530 1663 mortem,
1564 1625 1587 1651 a
1624 1609 1729 1651 Cas-

348 1689 507 1733 sandro
533 1689 790 1743 interfectae,
816 1688 963 1731 ulcisci
990 1688 1119 1745 velle,
1146 1699 1189 1732 et
1218 1689 1475 1745 Alexandri,
1501 1689 1614 1749 regis
1642 1689 1727 1742 sui,

349 1769 486 1812 filium
521 1785 620 1811 cum
655 1778 795 1811 matre
832 1768 1058 1811 obsidione
1095 1768 1456 1829 Amphipolitana
1492 1767 1728 1811 liberare.»

350 1850 426 1891 His
456 1848 658 1907 cognitis,
687 1846 946 1890 Ptolemaeus
979 1858 1021 1890 et
1047 1848 1315 1904 Cassander,
1345 1849 1451 1891 inita
1480 1864 1579 1890 cum
1608 1847 1730 1907 Lysi-

349 1927 502 1970 macho
526 1936 568 1969 et
594 1926 776 1969 Seleuco
803 1928 1026 1981 societate,
1055 1926 1220 1969 bellum
1245 1937 1362 1970 terra
1384 1927 1582 1985 marique
1605 1927 1729 1969 enixe

350 2008 585 2050 instruunt.
627 2006 821 2049 Tenebat
858 2005 1120 2049 Ptolemaeus
1159 2008 1396 2066 AEgyptum
1438 2023 1537 2049 cum
1574 2007 1729 2051 Africae

350 2095 472 2146 parte
495 2086 677 2145 majore,
697 2094 739 2128 et
763 2087 933 2145 Cypro,
957 2096 999 2129 et
1023 2087 1243 2130 Phoenice.
1274 2087 1523 2131 Cassandro
1548 2087 1730 2148 parebat

350 2165 607 2226 Macedonia
632 2180 731 2206 cum
757 2165 939 2207 Graecia.
968 2167 1115 2209 Asiam
1145 2176 1185 2209 et
1212 2177 1355 2226 partes
1379 2168 1575 2210 Orientis
1602 2182 1729 2210 occu-

350 2255 527 2304 paverat
554 2244 820 2304 Antigonus,
849 2245 972 2304 cujus
1007 2245 1121 2288 filius
1150 2247 1421 2301 Demetrius,
1451 2248 1594 2306 prima
1626 2244 1730 2289 belli

350 2325 677 2383 congressione,
708 2340 732 2365 a
761 2323 995 2366 Ptolemaeo
1031 2325 1147 2383 apud
1180 2325 1410 2368 Gamalam
1445 2326 1649 2369 vincitur.
1679 2327 1731 2368 In

351 2419 438 2461 quo
468 2401 621 2464 proelio
650 2404 789 2462 major
816 2402 1037 2446 Ptolemaei
1071 2404 1383 2447 moderationis
1410 2404 1568 2465 gloria,
1599 2421 1730 2464 quam

354 2482 486 2540 ipsius
516 2482 731 2535 victoriae,
761 2481 872 2524 fuit:
902 2482 1117 2541 siquidem
1144 2493 1187 2526 et
1217 2485 1378 2527 amicos
1405 2484 1618 2528 Demetrii
1642 2498 1730 2526 non

355 2558 494 2602 solum
514 2576 613 2602 cum
638 2561 724 2602 suis
744 2561 873 2604 rebus
891 2595 900 2615 ,
931 2578 1083 2604 verum
1106 2564 1237 2605 etiam
1260 2563 1419 2606 additis
1438 2563 1616 2622 insuper
1634 2578 1732 2605 mu—

356 2639 558 2694 neribus,
598 2639 782 2695 dimisit3
821 2651 861 2683 et
902 2642 1036 2700 ipsius
1078 2644 1292 2685 Demetrii
1335 2644 1554 2701 privatum
1603 2657 1732 2683 omne
