<?xml version="1.0" encoding="UTF-8"?>
<!DOCTYPE html PUBLIC "-//W3C//DTD XHTML 1.0 Transitional//EN"
    "http://www.w3.org/TR/xhtml1/DTD/xhtml1-transitional.dtd">
<html xmlns="http://www.w3.org/1999/xhtml" xml:lang="en" lang="en">
 <head>
  <title>
</title>
<meta http-equiv="Content-Type" content="text/html;charset=utf-8" />
  <meta name='ocr-system' content='tesseract 3.04.00' />
  <meta name='ocr-capabilities' content='ocr_page ocr_carea ocr_par ocr_line ocrx_word'/>
</head>
<body>
  <div class='ocr_page' id='page_1' title='image "./historiarumphili01justuoft_0029.png"; bbox 0 0 1783 3282; ppageno 0'>
   <div class='ocr_carea' id='block_1_1' title="bbox 458 255 1396 290">
    <p class='ocr_par' dir='ltr' id='par_1_1' title="bbox 458 255 1396 290">
     <span class='ocr_line' id='line_1_1' title="bbox 458 255 1396 290; baseline 0 0"><span class='ocrx_word' id='word_1_1' title='bbox 458 255 804 290; x_wconf 87' lang='lat' dir='ltr'>HISTORIARUM</span> <span class='ocrx_word' id='word_1_2' title='bbox 831 256 918 289; x_wconf 85' lang='lat' dir='ltr'><strong>LIB.</strong></span> <span class='ocrx_word' id='word_1_3' title='bbox 946 257 974 289; x_wconf 90' lang='lat' dir='ltr'><strong>I.</strong></span> <span class='ocrx_word' id='word_1_4' title='bbox 1357 269 1396 290; x_wconf 79' lang='grc' dir='ltr'><strong>ιι</strong></span> 
     </span>
    </p>
   </div>
   <div class='ocr_carea' id='block_1_2' title="bbox 28 337 1408 2705">
    <p class='ocr_par' dir='ltr' id='par_1_2' title="bbox 28 337 1408 2626">
     <span class='ocr_line' id='line_1_2' title="bbox 33 337 1401 401; baseline -0.001 -15"><span class='ocrx_word' id='word_1_5' title='bbox 33 342 203 401; x_wconf 86' lang='lat' dir='ltr'><strong>objectu</strong></span> <span class='ocrx_word' id='word_1_6' title='bbox 228 339 419 383; x_wconf 86' lang='lat' dir='ltr'><strong>fluminis</strong></span> <span class='ocrx_word' id='word_1_7' title='bbox 447 339 594 399; x_wconf 87' lang='lat' dir='ltr'><strong>fugam</strong></span> <span class='ocrx_word' id='word_1_8' title='bbox 621 337 923 382; x_wconf 78' lang='lat' dir='ltr'><strong>difficiliorem.</strong></span> <span class='ocrx_word' id='word_1_9' title='bbox 949 340 1101 397; x_wconf 88' lang='lat' dir='ltr'><strong>Itaque</strong></span> <span class='ocrx_word' id='word_1_10' title='bbox 1124 341 1284 399; x_wconf 83' lang='lat' dir='ltr'><strong>Cyrus,</strong></span> <span class='ocrx_word' id='word_1_11' title='bbox 1315 351 1401 385; x_wconf 87' lang='lat' dir='ltr'><strong>tra-</strong></span> 
     </span>
     <span class='ocr_line' id='line_1_3' title="bbox 31 416 1402 481; baseline 0.001 -17"><span class='ocrx_word' id='word_1_12' title='bbox 31 421 154 481; x_wconf 86' lang='lat' dir='ltr'><strong>jectis</strong></span> <span class='ocrx_word' id='word_1_13' title='bbox 180 419 336 479; x_wconf 86' lang='lat' dir='ltr'><strong>copiis,</strong></span> <span class='ocrx_word' id='word_1_14' title='bbox 361 434 497 478; x_wconf 92' lang='lat' dir='ltr'><strong>quum</strong></span> <span class='ocrx_word' id='word_1_15' title='bbox 517 416 830 477; x_wconf 84' lang='lat' dir='ltr'><strong>aliquantisper</strong></span> <span class='ocrx_word' id='word_1_16' title='bbox 853 418 898 460; x_wconf 90' lang='lat' dir='ltr'><strong>in</strong></span> <span class='ocrx_word' id='word_1_17' title='bbox 927 416 1147 477; x_wconf 84' lang='lat' dir='ltr'>Scythiam</span> <span class='ocrx_word' id='word_1_18' title='bbox 1171 422 1402 477; x_wconf 86' lang='lat' dir='ltr'><strong>processis-</strong></span> 
     </span>
     <span class='ocr_line' id='line_1_4' title="bbox 32 495 1400 556; baseline 0 -14"><span class='ocrx_word' id='word_1_19' title='bbox 32 509 117 554; x_wconf 90' lang='lat' dir='ltr'><strong>set,</strong></span> <span class='ocrx_word' id='word_1_20' title='bbox 148 508 288 541; x_wconf 87' lang='lat' dir='ltr'><strong>castra</strong></span> <span class='ocrx_word' id='word_1_21' title='bbox 322 506 508 540; x_wconf 85' lang='lat' dir='ltr'><strong>metatus</strong></span> <span class='ocrx_word' id='word_1_22' title='bbox 539 506 614 541; x_wconf 90' lang='lat' dir='ltr'><strong>est.</strong></span> <span class='ocrx_word' id='word_1_23' title='bbox 639 497 753 541; x_wconf 84' lang='lat' dir='ltr'>Dein</span> <span class='ocrx_word' id='word_1_24' title='bbox 780 505 956 556; x_wconf 87' lang='lat' dir='ltr'><strong>postera</strong></span> <span class='ocrx_word' id='word_1_25' title='bbox 983 495 1074 552; x_wconf 90' lang='lat' dir='ltr'><strong>die,</strong></span> <span class='ocrx_word' id='word_1_26' title='bbox 1102 512 1239 555; x_wconf 89' lang='lat' dir='ltr'><strong>quum</strong></span> <span class='ocrx_word' id='word_1_27' title='bbox 1267 500 1400 542; x_wconf 91' lang='lat' dir='ltr'><strong>simu-</strong></span> 
     </span>
     <span class='ocr_line' id='line_1_5' title="bbox 32 575 1403 638; baseline 0.001 -17"><span class='ocrx_word' id='word_1_28' title='bbox 32 578 121 621; x_wconf 89' lang='lat' dir='ltr'><strong>lato</strong></span> <span class='ocrx_word' id='word_1_29' title='bbox 149 586 288 633; x_wconf 89' lang='lat' dir='ltr'><strong>metu,</strong></span> <span class='ocrx_word' id='word_1_30' title='bbox 317 577 440 637; x_wconf 89' lang='lat' dir='ltr'>quasi</span> <span class='ocrx_word' id='word_1_31' title='bbox 469 576 712 638; x_wconf 81' lang='lat' dir='ltr'><strong>refugiens,</strong></span> <span class='ocrx_word' id='word_1_32' title='bbox 742 585 884 620; x_wconf 88' lang='lat' dir='ltr'><strong>castra</strong></span> <span class='ocrx_word' id='word_1_33' title='bbox 911 575 1193 630; x_wconf 89' lang='lat' dir='ltr'><strong>deseruisset,</strong></span> <span class='ocrx_word' id='word_1_34' title='bbox 1221 578 1312 620; x_wconf 90' lang='lat' dir='ltr'><strong>vini</strong></span> <span class='ocrx_word' id='word_1_35' title='bbox 1341 580 1403 622; x_wconf 90' lang='lat' dir='ltr'><strong>af-</strong></span> 
     </span>
     <span class='ocr_line' id='line_1_6' title="bbox 31 654 1402 716; baseline 0.001 -16"><span class='ocrx_word' id='word_1_36' title='bbox 31 657 174 712; x_wconf 89' lang='lat' dir='ltr'><strong>fatim,</strong></span> <span class='ocrx_word' id='word_1_37' title='bbox 197 665 241 699; x_wconf 87' lang='lat' dir='ltr'><strong>et</strong></span> <span class='ocrx_word' id='word_1_38' title='bbox 262 672 311 700; x_wconf 87' lang='lat' dir='ltr'><strong>ea</strong></span> <span class='ocrx_word' id='word_1_39' title='bbox 326 691 338 711; x_wconf 90' lang='lat'><strong>,</strong></span> <span class='ocrx_word' id='word_1_40' title='bbox 357 672 452 716; x_wconf 86' lang='lat' dir='ltr'><strong>quae</strong></span> <span class='ocrx_word' id='word_1_41' title='bbox 473 655 613 716; x_wconf 90' lang='lat' dir='ltr'><strong>epulis</strong></span> <span class='ocrx_word' id='word_1_42' title='bbox 638 664 761 699; x_wconf 85' lang='lat' dir='ltr'><strong>erant</strong></span> <span class='ocrx_word' id='word_1_43' title='bbox 782 655 1042 708; x_wconf 84' lang='lat' dir='ltr'><strong>necessaria,</strong></span> <span class='ocrx_word' id='word_1_44' title='bbox 1062 654 1252 716; x_wconf 88' lang='lat' dir='ltr'><strong>reliquit.</strong></span> <span class='ocrx_word' id='word_1_45' title='bbox 1268 658 1402 713; x_wconf 85' lang='lat' dir='ltr'><strong>Quod</strong></span> 
     </span>
     <span class='ocr_line' id='line_1_7' title="bbox 30 733 1402 798; baseline -0.001 -16"><span class='ocrx_word' id='word_1_46' title='bbox 30 753 169 798; x_wconf 91' lang='lat' dir='ltr'><strong>quum</strong></span> <span class='ocrx_word' id='word_1_47' title='bbox 211 737 464 780; x_wconf 89' lang='lat' dir='ltr'><strong>nuntiatum</strong></span> <span class='ocrx_word' id='word_1_48' title='bbox 497 735 657 796; x_wconf 76' lang='lat' dir='ltr'><strong>reginae</strong></span> <span class='ocrx_word' id='word_1_49' title='bbox 696 744 828 791; x_wconf 90' lang='lat' dir='ltr'><strong>esset,</strong></span> <span class='ocrx_word' id='word_1_50' title='bbox 861 733 1234 779; x_wconf 90' lang='lat' dir='ltr'><strong>adolescentulum</strong></span> <span class='ocrx_word' id='word_1_51' title='bbox 1264 735 1402 781; x_wconf 86' lang='lat' dir='ltr'><strong>filium</strong></span> 
     </span>
     <span class='ocr_line' id='line_1_8' title="bbox 31 814 1401 877; baseline -0.001 -15"><span class='ocrx_word' id='word_1_52' title='bbox 31 818 85 861; x_wconf 82' lang='lat' dir='ltr'><strong>ad</strong></span> <span class='ocrx_word' id='word_1_53' title='bbox 107 815 426 877; x_wconf 89' lang='lat' dir='ltr'><strong>insequendum</strong></span> <span class='ocrx_word' id='word_1_54' title='bbox 455 830 555 858; x_wconf 87' lang='lat' dir='ltr'><strong>eum</strong></span> <span class='ocrx_word' id='word_1_55' title='bbox 578 830 679 857; x_wconf 92' lang='lat' dir='ltr'><strong>cum</strong></span> <span class='ocrx_word' id='word_1_56' title='bbox 708 814 835 857; x_wconf 87' lang='lat' dir='ltr'><strong>tertia</strong></span> <span class='ocrx_word' id='word_1_57' title='bbox 857 823 981 874; x_wconf 88' lang='lat' dir='ltr'><strong>parte</strong></span> <span class='ocrx_word' id='word_1_58' title='bbox 1002 816 1228 874; x_wconf 86' lang='lat' dir='ltr'><strong>copiarum</strong></span> <span class='ocrx_word' id='word_1_59' title='bbox 1253 817 1401 860; x_wconf 87' lang='lat' dir='ltr'><strong>mittit.</strong></span> 
     </span>
     <span class='ocr_line' id='line_1_9' title="bbox 31 893 1402 954; baseline -0.001 -14"><span class='ocrx_word' id='word_1_60' title='bbox 31 898 181 954; x_wconf 89' lang='lat' dir='ltr'><strong>Quum</strong></span> <span class='ocrx_word' id='word_1_61' title='bbox 210 905 391 939; x_wconf 87' lang='lat' dir='ltr'><strong>ventum</strong></span> <span class='ocrx_word' id='word_1_62' title='bbox 413 894 468 938; x_wconf 90' lang='lat' dir='ltr'><strong>ad</strong></span> <span class='ocrx_word' id='word_1_63' title='bbox 493 893 597 954; x_wconf 89' lang='lat' dir='ltr'><strong>Cyri</strong></span> <span class='ocrx_word' id='word_1_64' title='bbox 625 902 765 937; x_wconf 87' lang='lat' dir='ltr'><strong>castra</strong></span> <span class='ocrx_word' id='word_1_65' title='bbox 793 902 922 949; x_wconf 84' lang='lat' dir='ltr'><strong>esset,</strong></span> <span class='ocrx_word' id='word_1_66' title='bbox 948 894 1126 954; x_wconf 88' lang='lat' dir='ltr'><strong>ignarus</strong></span> <span class='ocrx_word' id='word_1_67' title='bbox 1153 895 1216 937; x_wconf 86' lang='lat' dir='ltr'><strong>rei</strong></span> <span class='ocrx_word' id='word_1_68' title='bbox 1240 893 1402 939; x_wconf 84' lang='lat' dir='ltr'><strong>milita·</strong></span> 
     </span>
     <span class='ocr_line' id='line_1_10' title="bbox 30 971 1405 1033; baseline -0.001 -13"><span class='ocrx_word' id='word_1_69' title='bbox 30 977 88 1020; x_wconf 89' lang='lat' dir='ltr'><strong>ris</strong></span> <span class='ocrx_word' id='word_1_70' title='bbox 117 973 390 1029; x_wconf 85' lang='lat' dir='ltr'><strong>adolescens,</strong></span> <span class='ocrx_word' id='word_1_71' title='bbox 419 972 555 1016; x_wconf 89' lang='lat' dir='ltr'><strong>veluti</strong></span> <span class='ocrx_word' id='word_1_72' title='bbox 584 973 640 1017; x_wconf 92' lang='lat' dir='ltr'><strong>ad</strong></span> <span class='ocrx_word' id='word_1_73' title='bbox 666 971 841 1032; x_wconf 85' lang='lat' dir='ltr'><strong>epulas,</strong></span> <span class='ocrx_word' id='word_1_74' title='bbox 876 989 966 1017; x_wconf 91' lang='lat' dir='ltr'><strong>non</strong></span> <span class='ocrx_word' id='word_1_75' title='bbox 1004 973 1060 1016; x_wconf 91' lang='lat' dir='ltr'><strong>ad</strong></span> <span class='ocrx_word' id='word_1_76' title='bbox 1096 973 1299 1033; x_wconf 83' lang='lat' dir='ltr'><strong>proelium</strong></span> <span class='ocrx_word' id='word_1_77' title='bbox 1331 991 1405 1018; x_wconf 85' lang='lat' dir='ltr'><strong>ve-</strong></span> 
     </span>
     <span class='ocr_line' id='line_1_11' title="bbox 30 1052 1405 1110; baseline -0.001 -11"><span class='ocrx_word' id='word_1_78' title='bbox 30 1056 184 1110; x_wconf 90' lang='lat' dir='ltr'><strong>nisset,</strong></span> <span class='ocrx_word' id='word_1_79' title='bbox 208 1054 376 1098; x_wconf 91' lang='lat' dir='ltr'><strong>omissis</strong></span> <span class='ocrx_word' id='word_1_80' title='bbox 403 1052 620 1107; x_wconf 82' lang='lat' dir='ltr'><strong>hostibUS,</strong></span> <span class='ocrx_word' id='word_1_81' title='bbox 648 1052 840 1096; x_wconf 87' lang='lat' dir='ltr'><strong>insuetos</strong></span> <span class='ocrx_word' id='word_1_82' title='bbox 867 1052 1075 1096; x_wconf 86' lang='lat' dir='ltr'><strong>barbaros</strong></span> <span class='ocrx_word' id='word_1_83' title='bbox 1102 1053 1205 1096; x_wconf 92' lang='lat' dir='ltr'><strong>vino</strong></span> <span class='ocrx_word' id='word_1_84' title='bbox 1233 1070 1278 1096; x_wconf 90' lang='lat' dir='ltr'><strong>se</strong></span> <span class='ocrx_word' id='word_1_85' title='bbox 1299 1070 1405 1097; x_wconf 90' lang='lat' dir='ltr'><strong>one-</strong></span> 
     </span>
     <span class='ocr_line' id='line_1_12' title="bbox 30 1131 1404 1194; baseline -0.001 -16"><span class='ocrx_word' id='word_1_86' title='bbox 30 1150 126 1178; x_wconf 89' lang='lat' dir='ltr'><strong>rare</strong></span> <span class='ocrx_word' id='word_1_87' title='bbox 160 1135 327 1194; x_wconf 89' lang='lat' dir='ltr'><strong>patitur</strong></span> <span class='ocrx_word' id='word_1_88' title='bbox 360 1149 369 1175; x_wconf 74' lang='grc' dir='ltr'>ε</span> <span class='ocrx_word' id='word_1_89' title='bbox 400 1133 609 1192; x_wconf 90' lang='lat' dir='ltr'><strong>priusque</strong></span> <span class='ocrx_word' id='word_1_90' title='bbox 646 1131 814 1191; x_wconf 82' lang='lat' dir='ltr'><strong>Scythae</strong></span> <span class='ocrx_word' id='word_1_91' title='bbox 853 1132 1078 1187; x_wconf 77' lang='lat' dir='ltr'><strong>ebrietate,</strong></span> <span class='ocrx_word' id='word_1_92' title='bbox 1118 1148 1251 1192; x_wconf 85' lang='lat' dir='ltr'><strong>quam</strong></span> <span class='ocrx_word' id='word_1_93' title='bbox 1288 1132 1404 1177; x_wconf 91' lang='lat' dir='ltr'><strong>bello</strong></span> 
     </span>
     <span class='ocr_line' id='line_1_13' title="bbox 30 1211 1404 1271; baseline 0 -15"><span class='ocrx_word' id='word_1_94' title='bbox 30 1214 280 1257; x_wconf 86' lang='lat' dir='ltr'><strong>vincuntur.</strong></span> <span class='ocrx_word' id='word_1_95' title='bbox 311 1213 426 1255; x_wconf 88' lang='lat' dir='ltr'><strong>Nam</strong></span> <span class='ocrx_word' id='word_1_96' title='bbox 459 1211 645 1271; x_wconf 82' lang='lat' dir='ltr'><strong>cognitis</strong></span> <span class='ocrx_word' id='word_1_97' title='bbox 680 1211 769 1265; x_wconf 89' lang='lat' dir='ltr'><strong>his,</strong></span> <span class='ocrx_word' id='word_1_98' title='bbox 797 1211 936 1270; x_wconf 83' lang='lat' dir='ltr'><strong>Cyrus</strong></span> <span class='ocrx_word' id='word_1_99' title='bbox 964 1226 1162 1254; x_wconf 85' lang='lat' dir='ltr'><strong>reversus</strong></span> <span class='ocrx_word' id='word_1_100' title='bbox 1190 1227 1268 1271; x_wconf 89' lang='lat' dir='ltr'><strong>per</strong></span> <span class='ocrx_word' id='word_1_101' title='bbox 1300 1229 1404 1256; x_wconf 90' lang='lat' dir='ltr'><strong>noc-</strong></span> 
     </span>
     <span class='ocr_line' id='line_1_14' title="bbox 30 1290 1404 1350; baseline 0 -15"><span class='ocrx_word' id='word_1_102' title='bbox 30 1302 141 1347; x_wconf 88' lang='lat' dir='ltr'><strong>tem,</strong></span> <span class='ocrx_word' id='word_1_103' title='bbox 166 1307 341 1335; x_wconf 89' lang='lat' dir='ltr'><strong>securos</strong></span> <span class='ocrx_word' id='word_1_104' title='bbox 377 1290 608 1350; x_wconf 88' lang='lat' dir='ltr'><strong>opprimit,</strong></span> <span class='ocrx_word' id='word_1_105' title='bbox 631 1305 870 1349; x_wconf 92' lang='lat' dir='ltr'><strong>omnesque</strong></span> <span class='ocrx_word' id='word_1_106' title='bbox 900 1290 1079 1349; x_wconf 84' lang='lat' dir='ltr'><strong>Scythas</strong></span> <span class='ocrx_word' id='word_1_107' title='bbox 1110 1306 1210 1333; x_wconf 91' lang='lat' dir='ltr'><strong>cum</strong></span> <span class='ocrx_word' id='word_1_108' title='bbox 1244 1291 1404 1350; x_wconf 83' lang='lat' dir='ltr'><strong>reginae</strong></span> 
     </span>
     <span class='ocr_line' id='line_1_15' title="bbox 28 1369 1404 1430; baseline 0 -16"><span class='ocrx_word' id='word_1_109' title='bbox 28 1370 118 1414; x_wconf 86' lang='lat' dir='ltr'><strong>filio</strong></span> <span class='ocrx_word' id='word_1_110' title='bbox 147 1369 365 1414; x_wconf 88' lang='lat' dir='ltr'><strong>interficit.</strong></span> <span class='ocrx_word' id='word_1_111' title='bbox 396 1369 570 1413; x_wconf 91' lang='lat' dir='ltr'><strong>Amisso</strong></span> <span class='ocrx_word' id='word_1_112' title='bbox 603 1378 726 1413; x_wconf 89' lang='lat' dir='ltr'><strong>tanto</strong></span> <span class='ocrx_word' id='word_1_113' title='bbox 754 1369 962 1422; x_wconf 81' lang='lat' dir='ltr'><strong>exercitu,</strong></span> <span class='ocrx_word' id='word_1_114' title='bbox 992 1378 1053 1422; x_wconf 92' lang='lat' dir='ltr'><strong>et,</strong></span> <span class='ocrx_word' id='word_1_115' title='bbox 1080 1369 1199 1428; x_wconf 92' lang='lat' dir='ltr'><strong>quod</strong></span> <span class='ocrx_word' id='word_1_116' title='bbox 1228 1372 1404 1430; x_wconf 86' lang='lat' dir='ltr'><strong>gravius</strong></span> 
     </span>
     <span class='ocr_line' id='line_1_16' title="bbox 30 1446 1406 1510; baseline -0.001 -16"><span class='ocrx_word' id='word_1_117' title='bbox 30 1449 173 1506; x_wconf 91' lang='lat' dir='ltr'><strong>dolet,</strong></span> <span class='ocrx_word' id='word_1_118' title='bbox 196 1450 327 1493; x_wconf 84' lang='lat' dir='ltr'><strong>unico</strong></span> <span class='ocrx_word' id='word_1_119' title='bbox 355 1447 446 1493; x_wconf 88' lang='lat' dir='ltr'><strong>filio</strong></span> <span class='ocrx_word' id='word_1_120' title='bbox 461 1483 473 1503; x_wconf 91' lang='lat'><strong>,</strong></span> <span class='ocrx_word' id='word_1_121' title='bbox 495 1449 695 1510; x_wconf 88' lang='lat' dir='ltr'><strong>Tomyris</strong></span> <span class='ocrx_word' id='word_1_122' title='bbox 719 1448 918 1491; x_wconf 84' lang='lat' dir='ltr'><strong>orbitatis</strong></span> <span class='ocrx_word' id='word_1_123' title='bbox 938 1446 1133 1491; x_wconf 92' lang='lat' dir='ltr'><strong>dolorem</strong></span> <span class='ocrx_word' id='word_1_124' title='bbox 1160 1465 1249 1492; x_wconf 92' lang='lat' dir='ltr'><strong>non</strong></span> <span class='ocrx_word' id='word_1_125' title='bbox 1275 1450 1320 1492; x_wconf 92' lang='lat' dir='ltr'><strong>in</strong></span> <span class='ocrx_word' id='word_1_126' title='bbox 1349 1449 1406 1493; x_wconf 88' lang='lat' dir='ltr'><strong>la-</strong></span> 
     </span>
     <span class='ocr_line' id='line_1_17' title="bbox 33 1527 1404 1590; baseline -0.001 -16"><span class='ocrx_word' id='word_1_127' title='bbox 33 1546 197 1590; x_wconf 88' lang='lat' dir='ltr'><strong>crymas</strong></span> <span class='ocrx_word' id='word_1_128' title='bbox 221 1529 397 1585; x_wconf 90' lang='lat' dir='ltr'><strong>effudit,</strong></span> <span class='ocrx_word' id='word_1_129' title='bbox 426 1529 502 1573; x_wconf 89' lang='lat' dir='ltr'><strong>sed</strong></span> <span class='ocrx_word' id='word_1_130' title='bbox 525 1529 571 1572; x_wconf 93' lang='lat' dir='ltr'><strong>in</strong></span> <span class='ocrx_word' id='word_1_131' title='bbox 599 1527 779 1573; x_wconf 90' lang='lat' dir='ltr'><strong>ultionis</strong></span> <span class='ocrx_word' id='word_1_132' title='bbox 814 1527 966 1572; x_wconf 86' lang='lat' dir='ltr'><strong>solatia</strong></span> <span class='ocrx_word' id='word_1_133' title='bbox 995 1527 1209 1583; x_wconf 82' lang='lat' dir='ltr'><strong>intendit3</strong></span> <span class='ocrx_word' id='word_1_134' title='bbox 1237 1528 1404 1573; x_wconf 87' lang='lat' dir='ltr'><strong>hostes-</strong></span> 
     </span>
     <span class='ocr_line' id='line_1_18' title="bbox 29 1607 1405 1669; baseline 0.001 -17"><span class='ocrx_word' id='word_1_135' title='bbox 29 1626 114 1669; x_wconf 89' lang='lat' dir='ltr'><strong>que</strong></span> <span class='ocrx_word' id='word_1_136' title='bbox 140 1610 304 1653; x_wconf 87' lang='lat' dir='ltr'><strong>recenti</strong></span> <span class='ocrx_word' id='word_1_137' title='bbox 327 1609 510 1652; x_wconf 87' lang='lat' dir='ltr'><strong>victoria</strong></span> <span class='ocrx_word' id='word_1_138' title='bbox 539 1607 822 1664; x_wconf 87' lang='lat' dir='ltr'><strong>exsultantes,</strong></span> <span class='ocrx_word' id='word_1_139' title='bbox 846 1609 941 1668; x_wconf 89' lang='lat' dir='ltr'><strong>pari</strong></span> <span class='ocrx_word' id='word_1_140' title='bbox 965 1607 1223 1651; x_wconf 87' lang='lat' dir='ltr'><strong>insidiarum</strong></span> <span class='ocrx_word' id='word_1_141' title='bbox 1253 1608 1405 1653; x_wconf 88' lang='lat' dir='ltr'><strong>fraude</strong></span> 
     </span>
     <span class='ocr_line' id='line_1_19' title="bbox 30 1686 1406 1748; baseline 0 -15"><span class='ocrx_word' id='word_1_142' title='bbox 30 1689 331 1733; x_wconf 87' lang='lat' dir='ltr'><strong>circumvenit.</strong></span> <span class='ocrx_word' id='word_1_143' title='bbox 358 1689 564 1748; x_wconf 84' lang='lat' dir='ltr'><strong>Quippe,</strong></span> <span class='ocrx_word' id='word_1_144' title='bbox 592 1686 794 1731; x_wconf 88' lang='lat' dir='ltr'><strong>simulata</strong></span> <span class='ocrx_word' id='word_1_145' title='bbox 828 1687 1071 1731; x_wconf 87' lang='lat' dir='ltr'><strong>diffidentia</strong></span> <span class='ocrx_word' id='word_1_146' title='bbox 1101 1698 1283 1748; x_wconf 90' lang='lat' dir='ltr'><strong>propter</strong></span> <span class='ocrx_word' id='word_1_147' title='bbox 1311 1688 1406 1733; x_wconf 87' lang='lat' dir='ltr'><strong>vul—</strong></span> 
     </span>
     <span class='ocr_line' id='line_1_20' title="bbox 30 1766 1405 1828; baseline 0 -16"><span class='ocrx_word' id='word_1_148' title='bbox 30 1785 112 1812; x_wconf 90' lang='lat' dir='ltr'><strong>nus</strong></span> <span class='ocrx_word' id='word_1_149' title='bbox 151 1776 404 1828; x_wconf 86' lang='lat' dir='ltr'><strong>acceptum,</strong></span> <span class='ocrx_word' id='word_1_150' title='bbox 438 1767 679 1827; x_wconf 86' lang='lat' dir='ltr'><strong>refugiens,</strong></span> <span class='ocrx_word' id='word_1_151' title='bbox 711 1768 877 1828; x_wconf 89' lang='lat' dir='ltr'><strong>Cyrum</strong></span> <span class='ocrx_word' id='word_1_152' title='bbox 911 1766 966 1810; x_wconf 87' lang='lat' dir='ltr'><strong>ad</strong></span> <span class='ocrx_word' id='word_1_153' title='bbox 1006 1768 1227 1828; x_wconf 84' lang='lat' dir='ltr'><strong>angustias</strong></span> <span class='ocrx_word' id='word_1_154' title='bbox 1267 1784 1405 1828; x_wconf 90' lang='lat' dir='ltr'><strong>usque</strong></span> 
     </span>
     <span class='ocr_line' id='line_1_21' title="bbox 30 1846 1407 1909; baseline -0.001 -17"><span class='ocrx_word' id='word_1_155' title='bbox 30 1847 249 1909; x_wconf 84' lang='lat' dir='ltr'><strong>produxit.</strong></span> <span class='ocrx_word' id='word_1_156' title='bbox 272 1847 338 1890; x_wconf 93' lang='lat' dir='ltr'><strong>Ibi</strong></span> <span class='ocrx_word' id='word_1_157' title='bbox 374 1846 626 1906; x_wconf 91' lang='lat' dir='ltr'><strong>compositis</strong></span> <span class='ocrx_word' id='word_1_158' title='bbox 660 1847 704 1889; x_wconf 92' lang='lat' dir='ltr'><strong>in</strong></span> <span class='ocrx_word' id='word_1_159' title='bbox 744 1846 965 1889; x_wconf 88' lang='lat' dir='ltr'><strong>montibus</strong></span> <span class='ocrx_word' id='word_1_160' title='bbox 1001 1846 1192 1901; x_wconf 87' lang='lat' dir='ltr'><strong>insidiis,</strong></span> <span class='ocrx_word' id='word_1_161' title='bbox 1221 1847 1407 1891; x_wconf 82' lang='lat' dir='ltr'><strong>ducenta</strong></span> 
     </span>
     <span class='ocr_line' id='line_1_22' title="bbox 29 1925 1407 1986; baseline 0 -15"><span class='ocrx_word' id='word_1_162' title='bbox 29 1927 164 1972; x_wconf 85' lang='lat' dir='ltr'><strong>millia</strong></span> <span class='ocrx_word' id='word_1_163' title='bbox 185 1929 416 1971; x_wconf 85' lang='lat' dir='ltr'><strong>Persarum</strong></span> <span class='ocrx_word' id='word_1_164' title='bbox 438 1943 539 1970; x_wconf 91' lang='lat' dir='ltr'><strong>cum</strong></span> <span class='ocrx_word' id='word_1_165' title='bbox 562 1927 655 1986; x_wconf 90' lang='lat' dir='ltr'><strong>ipso</strong></span> <span class='ocrx_word' id='word_1_166' title='bbox 675 1942 777 1986; x_wconf 85' lang='lat' dir='ltr'><strong>rege</strong></span> <span class='ocrx_word' id='word_1_167' title='bbox 800 1925 1048 1969; x_wconf 83' lang='lat' dir='ltr'><strong>trucidavit.</strong></span> <span class='ocrx_word' id='word_1_168' title='bbox 1079 1928 1131 1969; x_wconf 93' lang='lat' dir='ltr'><strong>In</strong></span> <span class='ocrx_word' id='word_1_169' title='bbox 1161 1942 1247 1986; x_wconf 87' lang='lat' dir='ltr'><strong>qua</strong></span> <span class='ocrx_word' id='word_1_170' title='bbox 1270 1927 1407 1971; x_wconf 88' lang='lat' dir='ltr'><strong>victo·</strong></span> 
     </span>
     <span class='ocr_line' id='line_1_23' title="bbox 29 2003 1407 2066; baseline -0.001 -15"><span class='ocrx_word' id='word_1_171' title='bbox 29 2008 94 2051; x_wconf 85' lang='lat' dir='ltr'><strong>ria</strong></span> <span class='ocrx_word' id='word_1_172' title='bbox 127 2007 257 2051; x_wconf 91' lang='lat' dir='ltr'><strong>etiam</strong></span> <span class='ocrx_word' id='word_1_173' title='bbox 285 2004 393 2049; x_wconf 90' lang='lat' dir='ltr'><strong>illud</strong></span> <span class='ocrx_word' id='word_1_174' title='bbox 425 2004 708 2049; x_wconf 84' lang='lat' dir='ltr'><strong>memorabile</strong></span> <span class='ocrx_word' id='word_1_175' title='bbox 732 2005 839 2059; x_wconf 92' lang='lat' dir='ltr'><strong>fuit,</strong></span> <span class='ocrx_word' id='word_1_176' title='bbox 865 2003 983 2064; x_wconf 93' lang='lat' dir='ltr'><strong>quod</strong></span> <span class='ocrx_word' id='word_1_177' title='bbox 1010 2022 1064 2049; x_wconf 88' lang='lat' dir='ltr'><strong>ne</strong></span> <span class='ocrx_word' id='word_1_178' title='bbox 1092 2006 1274 2050; x_wconf 89' lang='lat' dir='ltr'><strong>nuntius</strong></span> <span class='ocrx_word' id='word_1_179' title='bbox 1310 2008 1407 2066; x_wconf 92' lang='lat' dir='ltr'><strong>qui-</strong></span> 
     </span>
     <span class='ocr_line' id='line_1_24' title="bbox 30 2084 1405 2146; baseline -0.001 -15"><span class='ocrx_word' id='word_1_180' title='bbox 30 2087 128 2131; x_wconf 91' lang='lat' dir='ltr'><strong>dem</strong></span> <span class='ocrx_word' id='word_1_181' title='bbox 158 2096 290 2131; x_wconf 88' lang='lat' dir='ltr'><strong>tantae</strong></span> <span class='ocrx_word' id='word_1_182' title='bbox 319 2084 454 2129; x_wconf 86' lang='lat' dir='ltr'><strong>cladis</strong></span> <span class='ocrx_word' id='word_1_183' title='bbox 477 2085 705 2146; x_wconf 83' lang='lat' dir='ltr'><strong>superfuit.</strong></span> <span class='ocrx_word' id='word_1_184' title='bbox 731 2086 877 2145; x_wconf 89' lang='lat' dir='ltr'><strong>Caput</strong></span> <span class='ocrx_word' id='word_1_185' title='bbox 899 2085 1003 2145; x_wconf 89' lang='lat' dir='ltr'><strong>Cyri</strong></span> <span class='ocrx_word' id='word_1_186' title='bbox 1037 2094 1331 2145; x_wconf 88' lang='lat' dir='ltr'><strong>amputatum,</strong></span> <span class='ocrx_word' id='word_1_187' title='bbox 1361 2087 1405 2129; x_wconf 89' lang='lat' dir='ltr'><strong>in</strong></span> 
     </span>
     <span class='ocr_line' id='line_1_25' title="bbox 31 2163 1407 2226; baseline -0.001 -15"><span class='ocrx_word' id='word_1_188' title='bbox 31 2176 173 2211; x_wconf 85' lang='lat' dir='ltr'><strong>utrem</strong></span> <span class='ocrx_word' id='word_1_189' title='bbox 199 2167 394 2211; x_wconf 90' lang='lat' dir='ltr'><strong>humano</strong></span> <span class='ocrx_word' id='word_1_190' title='bbox 422 2166 635 2226; x_wconf 85' lang='lat' dir='ltr'><strong>sanguine</strong></span> <span class='ocrx_word' id='word_1_191' title='bbox 656 2163 874 2225; x_wconf 90' lang='lat' dir='ltr'><strong>repletum</strong></span> <span class='ocrx_word' id='word_1_192' title='bbox 902 2165 1061 2225; x_wconf 90' lang='lat' dir='ltr'><strong>conjici</strong></span> <span class='ocrx_word' id='word_1_193' title='bbox 1089 2165 1239 2226; x_wconf 88' lang='lat' dir='ltr'><strong>regina</strong></span> <span class='ocrx_word' id='word_1_194' title='bbox 1258 2166 1407 2226; x_wconf 87' lang='lat' dir='ltr'><strong>jubet,</strong></span> 
     </span>
     <span class='ocr_line' id='line_1_26' title="bbox 31 2244 1407 2307; baseline -0.002 -17"><span class='ocrx_word' id='word_1_195' title='bbox 31 2263 131 2290; x_wconf 88' lang='lat' dir='ltr'><strong>cum</strong></span> <span class='ocrx_word' id='word_1_196' title='bbox 157 2246 239 2290; x_wconf 83' lang='lat' dir='ltr'><strong>hac</strong></span> <span class='ocrx_word' id='word_1_197' title='bbox 261 2246 598 2307; x_wconf 86' lang='lat' dir='ltr'><strong>exprobratione</strong></span> <span class='ocrx_word' id='word_1_198' title='bbox 624 2244 894 2289; x_wconf 87' lang='lat' dir='ltr'><strong>crudelitatis</strong></span> <span class='ocrx_word' id='word_1_199' title='bbox 920 2262 928 2288; x_wconf 90' lang='lat'><strong>:</strong></span> <span class='ocrx_word' id='word_1_200' title='bbox 958 2264 978 2286; x_wconf 89' lang='lat'>«</span> <span class='ocrx_word' id='word_1_201' title='bbox 1001 2245 1120 2288; x_wconf 86' lang='lat' dir='ltr'><strong>Satia</strong></span> <span class='ocrx_word' id='word_1_202' title='bbox 1151 2254 1213 2300; x_wconf 90' lang='lat' dir='ltr'><strong>te,</strong></span> <span class='ocrx_word' id='word_1_203' title='bbox 1238 2246 1407 2305; x_wconf 87' lang='lat' dir='ltr'><strong>inquit,</strong></span> 
     </span>
     <span class='ocr_line' id='line_1_27' title="bbox 32 2324 1408 2387; baseline -0.001 -17"><span class='ocrx_word' id='word_1_204' title='bbox 32 2328 270 2387; x_wconf 85' lang='lat' dir='ltr'><strong>sanguine,</strong></span> <span class='ocrx_word' id='word_1_205' title='bbox 310 2342 441 2386; x_wconf 88' lang='lat' dir='ltr'><strong>quern</strong></span> <span class='ocrx_word' id='word_1_206' title='bbox 482 2326 639 2381; x_wconf 91' lang='lat' dir='ltr'><strong>sitisti,</strong></span> <span class='ocrx_word' id='word_1_207' title='bbox 683 2326 895 2386; x_wconf 88' lang='lat' dir='ltr'><strong>cujusque</strong></span> <span class='ocrx_word' id='word_1_208' title='bbox 942 2324 1197 2368; x_wconf 89' lang='lat' dir='ltr'><strong>insatiabilis</strong></span> <span class='ocrx_word' id='word_1_209' title='bbox 1240 2341 1408 2385; x_wconf 88' lang='lat' dir='ltr'><strong>semper</strong></span> 
     </span>
     <span class='ocr_line' id='line_1_28' title="bbox 30 2405 1406 2467; baseline -0.002 -17"><span class='ocrx_word' id='word_1_210' title='bbox 30 2407 163 2450; x_wconf 87' lang='lat' dir='ltr'><strong>fuisti.</strong></span> <span class='ocrx_word' id='word_1_211' title='bbox 187 2426 207 2447; x_wconf 84' lang='lat'>»</span> <span class='ocrx_word' id='word_1_212' title='bbox 236 2407 378 2465; x_wconf 88' lang='lat' dir='ltr'><strong>Cyrus</strong></span> <span class='ocrx_word' id='word_1_213' title='bbox 407 2406 607 2467; x_wconf 87' lang='lat' dir='ltr'><strong>regnavit</strong></span> <span class='ocrx_word' id='word_1_214' title='bbox 642 2422 780 2449; x_wconf 87' lang='lat' dir='ltr'><strong>annos</strong></span> <span class='ocrx_word' id='word_1_215' title='bbox 815 2422 924 2460; x_wconf 79' lang='lat' dir='ltr'><strong>XXX,</strong></span> <span class='ocrx_word' id='word_1_216' title='bbox 952 2420 1041 2448; x_wconf 91' lang='lat' dir='ltr'><strong>non</strong></span> <span class='ocrx_word' id='word_1_217' title='bbox 1073 2405 1199 2448; x_wconf 89' lang='lat' dir='ltr'><strong>initio</strong></span> <span class='ocrx_word' id='word_1_218' title='bbox 1235 2414 1406 2448; x_wconf 86' lang='lat' dir='ltr'><strong>tantum</strong></span> 
     </span>
     <span class='ocr_line' id='line_1_29' title="bbox 31 2483 1407 2547; baseline -0.002 -18"><span class='ocrx_word' id='word_1_219' title='bbox 31 2486 173 2547; x_wconf 86' lang='lat' dir='ltr'><strong>regni,</strong></span> <span class='ocrx_word' id='word_1_220' title='bbox 199 2484 272 2529; x_wconf 86' lang='lat' dir='ltr'><strong>sed</strong></span> <span class='ocrx_word' id='word_1_221' title='bbox 296 2485 508 2529; x_wconf 89' lang='lat' dir='ltr'><strong>continuo</strong></span> <span class='ocrx_word' id='word_1_222' title='bbox 531 2486 664 2530; x_wconf 88' lang='lat' dir='ltr'><strong>totius</strong></span> <span class='ocrx_word' id='word_1_223' title='bbox 687 2486 897 2545; x_wconf 86' lang='lat' dir='ltr'><strong>temporis</strong></span> <span class='ocrx_word' id='word_1_224' title='bbox 919 2500 1146 2540; x_wconf 91' lang='lat' dir='ltr'><strong>successu,</strong></span> <span class='ocrx_word' id='word_1_225' title='bbox 1174 2483 1407 2527; x_wconf 82' lang='lat' dir='ltr'><strong>admirabi-</strong></span> 
     </span>
     <span class='ocr_line' id='line_1_30' title="bbox 32 2563 346 2626; baseline 0.003 -19"><span class='ocrx_word' id='word_1_226' title='bbox 32 2563 130 2609; x_wconf 86' lang='lat' dir='ltr'><strong>liter</strong></span> <span class='ocrx_word' id='word_1_227' title='bbox 152 2566 346 2626; x_wconf 86' lang='lat' dir='ltr'><strong>insignis.</strong></span> 
     </span>
    </p>

    <p class='ocr_par' dir='ltr' id='par_1_3' title="bbox 93 2643 1407 2705">
     <span class='ocr_line' id='line_1_31' title="bbox 93 2643 1407 2705; baseline -0.002 -17"><span class='ocrx_word' id='word_1_228' title='bbox 93 2647 170 2689; x_wconf 87' lang='lat' dir='ltr'><strong>IX.</strong></span> <span class='ocrx_word' id='word_1_229' title='bbox 201 2645 314 2688; x_wconf 87' lang='lat' dir='ltr'><strong>Huic</strong></span> <span class='ocrx_word' id='word_1_230' title='bbox 347 2645 549 2688; x_wconf 82' lang='lat' dir='ltr'><strong>successit</strong></span> <span class='ocrx_word' id='word_1_231' title='bbox 584 2644 697 2688; x_wconf 78' lang='lat' dir='ltr'><strong>filius</strong></span> <span class='ocrx_word' id='word_1_232' title='bbox 729 2645 987 2705; x_wconf 89' lang='lat' dir='ltr'><strong>Cambyses,</strong></span> <span class='ocrx_word' id='word_1_233' title='bbox 1008 2645 1081 2704; x_wconf 87' lang='lat' dir='ltr'><strong>qui</strong></span> <span class='ocrx_word' id='word_1_234' title='bbox 1116 2643 1300 2702; x_wconf 89' lang='lat' dir='ltr'><strong>imperio</strong></span> <span class='ocrx_word' id='word_1_235' title='bbox 1330 2658 1407 2702; x_wconf 81' lang='lat' dir='ltr'><strong>pa·</strong></span> 
     </span>
    </p>
   </div>
  </div>
 </body>
</html>
