<?xml version="1.0" encoding="UTF-8"?>
<!DOCTYPE html PUBLIC "-//W3C//DTD XHTML 1.0 Transitional//EN"
    "http://www.w3.org/TR/xhtml1/DTD/xhtml1-transitional.dtd">
<html xmlns="http://www.w3.org/1999/xhtml" xml:lang="en" lang="en">
 <head>
  <title>
</title>
<meta http-equiv="Content-Type" content="text/html;charset=utf-8" />
  <meta name='ocr-system' content='tesseract 3.04.00' />
  <meta name='ocr-capabilities' content='ocr_page ocr_carea ocr_par ocr_line ocrx_word'/>
</head>
<body>
  <div class='ocr_page' id='page_1' title='image "./historiarumphili01justuoft_0262.png"; bbox 0 0 1783 3282; ppageno 0'>
   <div class='ocr_carea' id='block_1_1' title="bbox 275 273 1305 319">
    <p class='ocr_par' dir='ltr' id='par_1_1' title="bbox 275 273 1305 319">
     <span class='ocr_line' id='line_1_1' title="bbox 275 273 1305 319; baseline -0.004 -8"><span class='ocrx_word' id='word_1_1' title='bbox 275 282 346 319; x_wconf 72' lang='lat'>240</span> <span class='ocrx_word' id='word_1_2' title='bbox 613 273 1002 309; x_wconf 85' lang='lat' dir='ltr'><strong>ADNOTATIONES</strong></span> <span class='ocrx_word' id='word_1_3' title='bbox 1033 275 1082 307; x_wconf 84' lang='lat' dir='ltr'>IN</span> <span class='ocrx_word' id='word_1_4' title='bbox 1113 274 1132 306; x_wconf 92' lang='lat' dir='ltr'>J</span> <span class='ocrx_word' id='word_1_5' title='bbox 1136 273 1305 309; x_wconf 88' lang='lat' dir='ltr'>USTINI</span> 
     </span>
    </p>
   </div>
   <div class='ocr_carea' id='block_1_2' title="bbox 759 412 1157 449">
    <p class='ocr_par' dir='ltr' id='par_1_2' title="bbox 759 412 1157 449">
     <span class='ocr_line' id='line_1_2' title="bbox 759 412 1157 449; baseline -0.008 -1"><span class='ocrx_word' id='word_1_6' title='bbox 759 415 817 449; x_wconf 87' lang='lat' dir='ltr'>IN</span> <span class='ocrx_word' id='word_1_7' title='bbox 844 412 1059 449; x_wconf 87' lang='lat' dir='ltr'>LIBRUM</span> <span class='ocrx_word' id='word_1_8' title='bbox 1088 412 1157 446; x_wconf 88' lang='lat' dir='ltr'>IX.</span> 
     </span>
    </p>
   </div>
   <div class='ocr_carea' id='block_1_3' title="bbox 270 522 1647 2041">
    <p class='ocr_par' dir='ltr' id='par_1_3' title="bbox 270 522 1647 1610">
     <span class='ocr_line' id='line_1_3' title="bbox 327 522 1646 568; baseline -0.001 -6"><span class='ocrx_word' id='word_1_9' title='bbox 327 528 412 563; x_wconf 16' lang='lat' dir='ltr'>clm.</span> <span class='ocrx_word' id='word_1_10' title='bbox 442 527 471 561; x_wconf 93' lang='grc' dir='ltr'>Ι.</span> <span class='ocrx_word' id='word_1_11' title='bbox 504 526 592 561; x_wconf 85' lang='lat' dir='ltr'>Urbs</span> <span class='ocrx_word' id='word_1_12' title='bbox 625 525 774 559; x_wconf 70' lang='lat' dir='ltr'>condita</span> <span class='ocrx_word' id='word_1_13' title='bbox 801 523 924 568; x_wconf 80' lang='lat' dir='ltr'>primo</span> <span class='ocrx_word' id='word_1_14' title='bbox 950 534 975 555; x_wconf 86' lang='lat' dir='ltr'>a</span> <span class='ocrx_word' id='word_1_15' title='bbox 1004 522 1212 556; x_wconf 81' lang='lat' dir='ltr'><em>Pausania.</em></span> <span class='ocrx_word' id='word_1_16' title='bbox 1238 522 1325 557; x_wconf 86' lang='lat' dir='ltr'>Haec</span> <span class='ocrx_word' id='word_1_17' title='bbox 1350 524 1453 558; x_wconf 90' lang='lat' dir='ltr'>omni</span> <span class='ocrx_word' id='word_1_18' title='bbox 1482 525 1646 560; x_wconf 87' lang='lat' dir='ltr'>historiae</span> 
     </span>
     <span class='ocr_line' id='line_1_4' title="bbox 273 582 1646 636; baseline -0.001 -12"><span class='ocrx_word' id='word_1_19' title='bbox 273 596 471 636; x_wconf 79' lang='lat' dir='ltr'>tantopere</span> <span class='ocrx_word' id='word_1_20' title='bbox 498 587 678 631; x_wconf 82' lang='lat' dir='ltr'>illudunt,</span> <span class='ocrx_word' id='word_1_21' title='bbox 705 592 744 619; x_wconf 87' lang='lat' dir='ltr'>ut</span> <span class='ocrx_word' id='word_1_22' title='bbox 767 596 787 618; x_wconf 87' lang='lat' dir='ltr'>a</span> <span class='ocrx_word' id='word_1_23' title='bbox 809 582 990 628; x_wconf 87' lang='lat' dir='ltr'>Pompeio</span> <span class='ocrx_word' id='word_1_24' title='bbox 1016 582 1130 617; x_wconf 86' lang='lat' dir='ltr'>scribi</span> <span class='ocrx_word' id='word_1_25' title='bbox 1160 595 1237 617; x_wconf 90' lang='lat' dir='ltr'>non</span> <span class='ocrx_word' id='word_1_26' title='bbox 1265 584 1478 630; x_wconf 89' lang='lat' dir='ltr'>potuerint,</span> <span class='ocrx_word' id='word_1_27' title='bbox 1508 587 1573 622; x_wconf 90' lang='lat' dir='ltr'>sed</span> <span class='ocrx_word' id='word_1_28' title='bbox 1598 588 1646 621; x_wconf 84' lang='lat' dir='ltr'>ab</span> 
     </span>
     <span class='ocr_line' id='line_1_5' title="bbox 273 643 1646 695; baseline -0.002 -10"><span class='ocrx_word' id='word_1_29' title='bbox 273 650 420 685; x_wconf 87' lang='lat' dir='ltr'>Justino</span> <span class='ocrx_word' id='word_1_30' title='bbox 448 649 648 695; x_wconf 81' lang='lat' dir='ltr'>depravata</span> <span class='ocrx_word' id='word_1_31' title='bbox 680 643 885 679; x_wconf 80' lang='lat' dir='ltr'>existimari</span> <span class='ocrx_word' id='word_1_32' title='bbox 912 643 1085 678; x_wconf 87' lang='lat' dir='ltr'>debeant.</span> <span class='ocrx_word' id='word_1_33' title='bbox 1107 645 1261 679; x_wconf 85' lang='lat' dir='ltr'><strong>Veteres</strong></span> <span class='ocrx_word' id='word_1_34' title='bbox 1288 653 1444 679; x_wconf 86' lang='lat' dir='ltr'>narrant</span> <span class='ocrx_word' id='word_1_35' title='bbox 1467 648 1646 694; x_wconf 85' lang='lat' dir='ltr'>Byzantio</span> 
     </span>
     <span class='ocr_line' id='line_1_6' title="bbox 272 704 1646 751; baseline -0.002 -5"><span class='ocrx_word' id='word_1_36' title='bbox 272 711 356 746; x_wconf 88' lang='lat' dir='ltr'>urbi</span> <span class='ocrx_word' id='word_1_37' title='bbox 378 709 618 745; x_wconf 82' lang='lat' dir='ltr'>fundamenta</span> <span class='ocrx_word' id='word_1_38' title='bbox 644 705 776 751; x_wconf 85' lang='lat' dir='ltr'>jecisse</span> <span class='ocrx_word' id='word_1_39' title='bbox 796 705 1056 751; x_wconf 68' lang='lat' dir='ltr'>fllegarenses,</span> <span class='ocrx_word' id='word_1_40' title='bbox 1083 704 1132 739; x_wconf 89' lang='lat' dir='ltr'>ol.</span> <span class='ocrx_word' id='word_1_41' title='bbox 1165 705 1212 739; x_wconf 81' lang='lat'>30</span> <span class='ocrx_word' id='word_1_42' title='bbox 1240 718 1271 739; x_wconf 85' lang='lat' dir='ltr'>a.</span> <span class='ocrx_word' id='word_1_43' title='bbox 1304 705 1345 749; x_wconf 77' lang='lat'>3,</span> <span class='ocrx_word' id='word_1_44' title='bbox 1369 707 1429 741; x_wconf 89' lang='lat' dir='ltr'>vel</span> <span class='ocrx_word' id='word_1_45' title='bbox 1459 719 1478 741; x_wconf 87' lang='lat' dir='ltr'>a</span> <span class='ocrx_word' id='word_1_46' title='bbox 1505 707 1543 742; x_wconf 94' lang='lat' dir='ltr'>C.</span> <span class='ocrx_word' id='word_1_47' title='bbox 1571 707 1646 743; x_wconf 78' lang='lat'>638</span> 
     </span>
     <span class='ocr_line' id='line_1_7' title="bbox 272 765 1646 821; baseline -0.003 -14"><span class='ocrx_word' id='word_1_48' title='bbox 272 772 381 821; x_wconf 88' lang='lat' dir='ltr'>(Vid.</span> <span class='ocrx_word' id='word_1_49' title='bbox 418 772 569 805; x_wconf 63' lang='lat' dir='ltr'>fluxu</span> <span class='ocrx_word' id='word_1_50' title='bbox 605 766 854 813; x_wconf 75' lang='lat' dir='ltr'>Antiquitates</span> <span class='ocrx_word' id='word_1_51' title='bbox 885 765 1108 811; x_wconf 71' lang='lat' dir='ltr'>byzantinus</span> <span class='ocrx_word' id='word_1_52' title='bbox 1152 765 1193 799; x_wconf 90' lang='lat' dir='ltr'>in</span> <span class='ocrx_word' id='word_1_53' title='bbox 1221 766 1468 802; x_wconf 79' lang='lat' dir='ltr'>Commentar.</span> <span class='ocrx_word' id='word_1_54' title='bbox 1499 776 1646 804; x_wconf 83' lang='lat' dir='ltr'>recentt.</span> 
     </span>
     <span class='ocr_line' id='line_1_8' title="bbox 275 825 1646 877; baseline -0.004 -8"><span class='ocrx_word' id='word_1_55' title='bbox 275 835 355 869; x_wconf 88' lang='lat' dir='ltr'><strong><em>Soc.</em></strong></span> <span class='ocrx_word' id='word_1_56' title='bbox 385 832 564 877; x_wconf 77' lang='lat' dir='ltr'>Gotting.‚</span> <span class='ocrx_word' id='word_1_57' title='bbox 586 829 661 863; x_wconf 90' lang='lat' dir='ltr'>vol.</span> <span class='ocrx_word' id='word_1_58' title='bbox 691 841 727 871; x_wconf 93' lang='lat'>1,</span> <span class='ocrx_word' id='word_1_59' title='bbox 745 840 781 874; x_wconf 91' lang='lat' dir='ltr'>p.</span> <span class='ocrx_word' id='word_1_60' title='bbox 804 825 851 861; x_wconf 88' lang='lat'>65</span> <span class='ocrx_word' id='word_1_61' title='bbox 876 839 957 873; x_wconf 89' lang='lat' dir='ltr'><strong>sqq.</strong></span> <span class='ocrx_word' id='word_1_62' title='bbox 972 826 996 874; x_wconf 87' lang='lat'>).</span> <span class='ocrx_word' id='word_1_63' title='bbox 1027 826 1101 861; x_wconf 89' lang='lat' dir='ltr'>Sed</span> <span class='ocrx_word' id='word_1_64' title='bbox 1114 827 1202 861; x_wconf 90' lang='lat' dir='ltr'>urbs</span> <span class='ocrx_word' id='word_1_65' title='bbox 1229 827 1353 874; x_wconf 88' lang='lat' dir='ltr'>primo</span> <span class='ocrx_word' id='word_1_66' title='bbox 1377 829 1562 864; x_wconf 89' lang='lat' dir='ltr'>Thracum</span> <span class='ocrx_word' id='word_1_67' title='bbox 1585 830 1646 865; x_wconf 87' lang='lat' dir='ltr'>vi-</span> 
     </span>
     <span class='ocr_line' id='line_1_9' title="bbox 271 888 1642 938; baseline -0.002 -9"><span class='ocrx_word' id='word_1_68' title='bbox 271 896 440 929; x_wconf 89' lang='lat' dir='ltr'>cinorum</span> <span class='ocrx_word' id='word_1_69' title='bbox 465 890 606 925; x_wconf 87' lang='lat' dir='ltr'>infestis</span> <span class='ocrx_word' id='word_1_70' title='bbox 632 888 906 923; x_wconf 83' lang='lat' dir='ltr'>incursionibus</span> <span class='ocrx_word' id='word_1_71' title='bbox 933 888 1092 922; x_wconf 87' lang='lat' dir='ltr'>multum</span> <span class='ocrx_word' id='word_1_72' title='bbox 1116 895 1269 932; x_wconf 88' lang='lat' dir='ltr'>vexata,</span> <span class='ocrx_word' id='word_1_73' title='bbox 1296 889 1433 924; x_wconf 89' lang='lat' dir='ltr'>deinde</span> <span class='ocrx_word' id='word_1_74' title='bbox 1462 903 1482 924; x_wconf 88' lang='lat' dir='ltr'>a</span> <span class='ocrx_word' id='word_1_75' title='bbox 1508 892 1642 938; x_wconf 85' lang='lat' dir='ltr'>Mega-</span> 
     </span>
     <span class='ocr_line' id='line_1_10' title="bbox 272 948 1647 1002; baseline -0.002 -12"><span class='ocrx_word' id='word_1_76' title='bbox 272 956 389 1002; x_wconf 76' lang='lat' dir='ltr'>hym,</span> <span class='ocrx_word' id='word_1_77' title='bbox 420 951 526 988; x_wconf 85' lang='lat' dir='ltr'>Darii</span> <span class='ocrx_word' id='word_1_78' title='bbox 552 950 745 998; x_wconf 71' lang='lat' dir='ltr'>Hystaspis</span> <span class='ocrx_word' id='word_1_79' title='bbox 778 948 974 995; x_wconf 63' lang='lat' dir='ltr'>praefecto,</span> <span class='ocrx_word' id='word_1_80' title='bbox 1002 955 1090 995; x_wconf 87' lang='lat' dir='ltr'>post</span> <span class='ocrx_word' id='word_1_81' title='bbox 1128 949 1329 996; x_wconf 75' lang='lat' dir='ltr'>scythicam</span> <span class='ocrx_word' id='word_1_82' title='bbox 1367 951 1647 998; x_wconf 84' lang='lat' dir='ltr'>expeditionem</span> 
     </span>
     <span class='ocr_line' id='line_1_11' title="bbox 270 1009 1646 1065; baseline -0.001 -17"><span class='ocrx_word' id='word_1_83' title='bbox 270 1014 372 1065; x_wconf 82' lang='lat' dir='ltr'>(vid.</span> <span class='ocrx_word' id='word_1_84' title='bbox 399 1025 528 1061; x_wconf 86' lang='lat' dir='ltr'>snpra,</span> <span class='ocrx_word' id='word_1_85' title='bbox 556 1025 590 1046; x_wconf 89' lang='lat'>11</span> <span class='ocrx_word' id='word_1_86' title='bbox 605 1039 613 1054; x_wconf 83' lang='lat'>,</span> <span class='ocrx_word' id='word_1_87' title='bbox 635 1010 699 1055; x_wconf 86' lang='lat'>5),</span> <span class='ocrx_word' id='word_1_88' title='bbox 726 1010 766 1044; x_wconf 87' lang='lat' dir='ltr'>in</span> <span class='ocrx_word' id='word_1_89' title='bbox 791 1011 984 1044; x_wconf 82' lang='lat' dir='ltr'>Persarum</span> <span class='ocrx_word' id='word_1_90' title='bbox 1003 1009 1187 1044; x_wconf 87' lang='lat' dir='ltr'>ditionem</span> <span class='ocrx_word' id='word_1_91' title='bbox 1212 1010 1383 1055; x_wconf 86' lang='lat' dir='ltr'>redacta,</span> <span class='ocrx_word' id='word_1_92' title='bbox 1405 1013 1531 1058; x_wconf 86' lang='lat' dir='ltr'>paullo</span> <span class='ocrx_word' id='word_1_93' title='bbox 1559 1021 1646 1060; x_wconf 89' lang='lat' dir='ltr'>post</span> 
     </span>
     <span class='ocr_line' id='line_1_12' title="bbox 272 1070 1647 1124; baseline -0.001 -14"><span class='ocrx_word' id='word_1_94' title='bbox 272 1076 322 1124; x_wconf 82' lang='lat' dir='ltr'>(a.</span> <span class='ocrx_word' id='word_1_95' title='bbox 347 1074 442 1123; x_wconf 78' lang='lat'>503)</span> <span class='ocrx_word' id='word_1_96' title='bbox 473 1074 518 1108; x_wconf 87' lang='lat' dir='ltr'>ab</span> <span class='ocrx_word' id='word_1_97' title='bbox 539 1072 694 1107; x_wconf 89' lang='lat' dir='ltr'>Ionibus</span> <span class='ocrx_word' id='word_1_98' title='bbox 714 1077 946 1117; x_wconf 86' lang='lat' dir='ltr'>expugnata,</span> <span class='ocrx_word' id='word_1_99' title='bbox 968 1070 1056 1104; x_wconf 89' lang='lat' dir='ltr'>inde</span> <span class='ocrx_word' id='word_1_100' title='bbox 1083 1070 1133 1105; x_wconf 91' lang='lat' dir='ltr'>ob</span> <span class='ocrx_word' id='word_1_101' title='bbox 1153 1070 1277 1105; x_wconf 86' lang='lat' dir='ltr'>classis</span> <span class='ocrx_word' id='word_1_102' title='bbox 1296 1072 1445 1118; x_wconf 78' lang='lat' dir='ltr'>persicae</span> <span class='ocrx_word' id='word_1_103' title='bbox 1464 1079 1647 1108; x_wconf 88' lang='lat' dir='ltr'>terrorem</span> 
     </span>
     <span class='ocr_line' id='line_1_13' title="bbox 270 1130 1645 1182; baseline -0.002 -10"><span class='ocrx_word' id='word_1_104' title='bbox 270 1138 318 1172; x_wconf 89' lang='lat' dir='ltr'>ab</span> <span class='ocrx_word' id='word_1_105' title='bbox 345 1136 478 1171; x_wconf 86' lang='lat' dir='ltr'>incolis</span> <span class='ocrx_word' id='word_1_106' title='bbox 501 1135 647 1169; x_wconf 84' lang='lat' dir='ltr'>deserta</span> <span class='ocrx_word' id='word_1_107' title='bbox 673 1139 708 1167; x_wconf 86' lang='lat' dir='ltr'>et</span> <span class='ocrx_word' id='word_1_108' title='bbox 732 1145 750 1166; x_wconf 86' lang='lat' dir='ltr'>a</span> <span class='ocrx_word' id='word_1_109' title='bbox 776 1131 1014 1166; x_wconf 80' lang='lat' dir='ltr'>Phoenicibus</span> <span class='ocrx_word' id='word_1_110' title='bbox 1035 1143 1138 1177; x_wconf 82' lang='lat' dir='ltr'>paene</span> <span class='ocrx_word' id='word_1_111' title='bbox 1165 1130 1309 1176; x_wconf 86' lang='lat' dir='ltr'>deleta,</span> <span class='ocrx_word' id='word_1_112' title='bbox 1334 1133 1495 1180; x_wconf 88' lang='lat' dir='ltr'>denique</span> <span class='ocrx_word' id='word_1_113' title='bbox 1519 1133 1645 1182; x_wconf 90' lang='lat' dir='ltr'>impo-</span> 
     </span>
     <span class='ocr_line' id='line_1_14' title="bbox 271 1192 1647 1243; baseline -0.001 -10"><span class='ocrx_word' id='word_1_114' title='bbox 271 1198 348 1234; x_wconf 84' lang='lat' dir='ltr'>sitis</span> <span class='ocrx_word' id='word_1_115' title='bbox 368 1211 388 1232; x_wconf 84' lang='lat' dir='ltr'>a</span> <span class='ocrx_word' id='word_1_116' title='bbox 409 1198 532 1232; x_wconf 84' lang='lat' dir='ltr'><strong>Xerxe</strong></span> <span class='ocrx_word' id='word_1_117' title='bbox 550 1194 730 1242; x_wconf 80' lang='lat' dir='ltr'>praesidiis</span> <span class='ocrx_word' id='word_1_118' title='bbox 751 1193 900 1227; x_wconf 85' lang='lat' dir='ltr'>obsessa</span> <span class='ocrx_word' id='word_1_119' title='bbox 920 1192 1117 1227; x_wconf 86' lang='lat' dir='ltr'>tenebatur</span> <span class='ocrx_word' id='word_1_120' title='bbox 1143 1206 1150 1226; x_wconf 93' lang='lat'>:</span> <span class='ocrx_word' id='word_1_121' title='bbox 1170 1193 1281 1228; x_wconf 88' lang='lat' dir='ltr'>tantis</span> <span class='ocrx_word' id='word_1_122' title='bbox 1310 1194 1421 1241; x_wconf 83' lang='lat' dir='ltr'>igitur</span> <span class='ocrx_word' id='word_1_123' title='bbox 1447 1195 1553 1230; x_wconf 91' lang='lat' dir='ltr'>malis</span> <span class='ocrx_word' id='word_1_124' title='bbox 1576 1208 1647 1243; x_wconf 87' lang='lat' dir='ltr'>op-</span> 
     </span>
     <span class='ocr_line' id='line_1_15' title="bbox 271 1253 1647 1307; baseline -0.002 -12"><span class='ocrx_word' id='word_1_125' title='bbox 271 1271 434 1307; x_wconf 81' lang='lat' dir='ltr'>pressam</span> <span class='ocrx_word' id='word_1_126' title='bbox 463 1258 594 1292; x_wconf 82' lang='lat' dir='ltr'>urbem</span> <span class='ocrx_word' id='word_1_127' title='bbox 621 1254 818 1290; x_wconf 80' lang='lat' dir='ltr'>Pausanias</span> <span class='ocrx_word' id='word_1_128' title='bbox 841 1254 880 1288; x_wconf 92' lang='lat' dir='ltr'>in</span> <span class='ocrx_word' id='word_1_129' title='bbox 905 1253 1117 1288; x_wconf 86' lang='lat' dir='ltr'>libertatem</span> <span class='ocrx_word' id='word_1_130' title='bbox 1137 1253 1342 1289; x_wconf 84' lang='lat' dir='ltr'>vindicavit</span> <span class='ocrx_word' id='word_1_131' title='bbox 1367 1262 1403 1290; x_wconf 88' lang='lat' dir='ltr'>et</span> <span class='ocrx_word' id='word_1_132' title='bbox 1431 1256 1559 1291; x_wconf 84' lang='lat' dir='ltr'>erexit.</span> <span class='ocrx_word' id='word_1_133' title='bbox 1590 1258 1647 1292; x_wconf 91' lang='lat' dir='ltr'>En</span> 
     </span>
     <span class='ocr_line' id='line_1_16' title="bbox 271 1315 1647 1368; baseline -0.001 -12"><span class='ocrx_word' id='word_1_134' title='bbox 271 1334 350 1368; x_wconf 86' lang='lat' dir='ltr'>quae</span> <span class='ocrx_word' id='word_1_135' title='bbox 380 1319 587 1355; x_wconf 83' lang='lat' dir='ltr'>narravisse</span> <span class='ocrx_word' id='word_1_136' title='bbox 616 1317 788 1351; x_wconf 84' lang='lat' dir='ltr'>videatur</span> <span class='ocrx_word' id='word_1_137' title='bbox 815 1315 1012 1361; x_wconf 90' lang='lat' dir='ltr'>Pompeius</span> <span class='ocrx_word' id='word_1_138' title='bbox 1038 1316 1201 1362; x_wconf 85' lang='lat' dir='ltr'>Trogus,</span> <span class='ocrx_word' id='word_1_139' title='bbox 1228 1316 1460 1363; x_wconf 84' lang='lat' dir='ltr'>negligenter</span> <span class='ocrx_word' id='word_1_140' title='bbox 1493 1318 1541 1353; x_wconf 88' lang='lat' dir='ltr'>ab</span> <span class='ocrx_word' id='word_1_141' title='bbox 1576 1320 1647 1353; x_wconf 89' lang='lat' dir='ltr'>Ju-</span> 
     </span>
     <span class='ocr_line' id='line_1_17' title="bbox 271 1376 1644 1427; baseline -0.001 -10"><span class='ocrx_word' id='word_1_142' title='bbox 271 1384 369 1417; x_wconf 89' lang='lat' dir='ltr'>stino</span> <span class='ocrx_word' id='word_1_143' title='bbox 395 1387 601 1427; x_wconf 83' lang='lat' dir='ltr'>excerptus.</span> <span class='ocrx_word' id='word_1_144' title='bbox 622 1380 709 1413; x_wconf 83' lang='lat' dir='ltr'>Post</span> <span class='ocrx_word' id='word_1_145' title='bbox 728 1377 948 1412; x_wconf 80' lang='lat' dir='ltr'>Pausaniam</span> <span class='ocrx_word' id='word_1_146' title='bbox 963 1403 972 1421; x_wconf 86' lang='lat'>‚</span> <span class='ocrx_word' id='word_1_147' title='bbox 999 1376 1096 1410; x_wconf 85' lang='lat' dir='ltr'>intra</span> <span class='ocrx_word' id='word_1_148' title='bbox 1119 1377 1315 1412; x_wconf 88' lang='lat' dir='ltr'>biennium</span> <span class='ocrx_word' id='word_1_149' title='bbox 1334 1378 1373 1412; x_wconf 90' lang='lat' dir='ltr'>in</span> <span class='ocrx_word' id='word_1_150' title='bbox 1400 1379 1561 1425; x_wconf 89' lang='lat' dir='ltr'>patriam</span> <span class='ocrx_word' id='word_1_151' title='bbox 1580 1392 1644 1415; x_wconf 89' lang='lat' dir='ltr'>re-</span> 
     </span>
     <span class='ocr_line' id='line_1_18' title="bbox 271 1437 1646 1488; baseline -0.001 -11"><span class='ocrx_word' id='word_1_152' title='bbox 271 1450 463 1486; x_wconf 89' lang='lat' dir='ltr'>vocatum,</span> <span class='ocrx_word' id='word_1_153' title='bbox 487 1439 662 1488; x_wconf 83' lang='lat' dir='ltr'>Spartani</span> <span class='ocrx_word' id='word_1_154' title='bbox 682 1439 774 1473; x_wconf 87' lang='lat' dir='ltr'>alios</span> <span class='ocrx_word' id='word_1_155' title='bbox 797 1438 906 1473; x_wconf 85' lang='lat' dir='ltr'>duces</span> <span class='ocrx_word' id='word_1_156' title='bbox 926 1437 1143 1485; x_wconf 83' lang='lat' dir='ltr'>Byzantium</span> <span class='ocrx_word' id='word_1_157' title='bbox 1163 1437 1342 1473; x_wconf 88' lang='lat' dir='ltr'>miserunt</span> <span class='ocrx_word' id='word_1_158' title='bbox 1368 1452 1375 1473; x_wconf 87' lang='lat'>:</span> <span class='ocrx_word' id='word_1_159' title='bbox 1402 1440 1467 1474; x_wconf 90' lang='lat' dir='ltr'>sed</span> <span class='ocrx_word' id='word_1_160' title='bbox 1481 1440 1646 1487; x_wconf 86' lang='lat' dir='ltr'>privatus</span> 
     </span>
     <span class='ocr_line' id='line_1_19' title="bbox 271 1499 1646 1546; baseline -0.002 -6"><span class='ocrx_word' id='word_1_161' title='bbox 271 1504 468 1540; x_wconf 85' lang='lat' dir='ltr'>Pausanias</span> <span class='ocrx_word' id='word_1_162' title='bbox 482 1514 526 1538; x_wconf 89' lang='lat' dir='ltr'>eo</span> <span class='ocrx_word' id='word_1_163' title='bbox 545 1500 673 1542; x_wconf 88' lang='lat' dir='ltr'>rediit,</span> <span class='ocrx_word' id='word_1_164' title='bbox 691 1506 728 1534; x_wconf 90' lang='lat' dir='ltr'>et</span> <span class='ocrx_word' id='word_1_165' title='bbox 746 1499 955 1546; x_wconf 87' lang='lat' dir='ltr'>potentiam</span> <span class='ocrx_word' id='word_1_166' title='bbox 975 1499 1138 1545; x_wconf 84' lang='lat' dir='ltr'>aliquam</span> <span class='ocrx_word' id='word_1_167' title='bbox 1151 1499 1324 1546; x_wconf 84' lang='lat' dir='ltr'>adeptus,</span> <span class='ocrx_word' id='word_1_168' title='bbox 1338 1500 1385 1535; x_wconf 89' lang='lat' dir='ltr'>ab</span> <span class='ocrx_word' id='word_1_169' title='bbox 1404 1501 1646 1537; x_wconf 82' lang='lat' dir='ltr'>Atheniensi-</span> 
     </span>
     <span class='ocr_line' id='line_1_20' title="bbox 272 1560 1645 1610; baseline -0.001 -11"><span class='ocrx_word' id='word_1_170' title='bbox 272 1566 360 1610; x_wconf 86' lang='lat' dir='ltr'>bus,</span> <span class='ocrx_word' id='word_1_171' title='bbox 388 1565 545 1600; x_wconf 85' lang='lat' dir='ltr'>Cimone</span> <span class='ocrx_word' id='word_1_172' title='bbox 570 1562 682 1604; x_wconf 87' lang='lat' dir='ltr'>duce,</span> <span class='ocrx_word' id='word_1_173' title='bbox 705 1561 857 1595; x_wconf 86' lang='lat' dir='ltr'>tandem</span> <span class='ocrx_word' id='word_1_174' title='bbox 884 1560 1019 1605; x_wconf 89' lang='lat' dir='ltr'>ejectus</span> <span class='ocrx_word' id='word_1_175' title='bbox 1033 1567 1087 1594; x_wconf 89' lang='lat' dir='ltr'>est</span> <span class='ocrx_word' id='word_1_176' title='bbox 1110 1573 1117 1594; x_wconf 77' lang='grc' dir='ltr'>ε</span> <span class='ocrx_word' id='word_1_177' title='bbox 1140 1560 1179 1594; x_wconf 92' lang='lat' dir='ltr'>hi</span> <span class='ocrx_word' id='word_1_178' title='bbox 1204 1567 1290 1595; x_wconf 88' lang='lat' dir='ltr'>sunt</span> <span class='ocrx_word' id='word_1_179' title='bbox 1309 1560 1365 1595; x_wconf 90' lang='lat' dir='ltr'>illi</span> <span class='ocrx_word' id='word_1_180' title='bbox 1379 1570 1520 1609; x_wconf 81' lang='lat' dir='ltr'>septem</span> <span class='ocrx_word' id='word_1_181' title='bbox 1545 1565 1645 1598; x_wconf 83' lang='lat' dir='ltr'>anni.</span> 
     </span>
    </p>

    <p class='ocr_par' dir='ltr' id='par_1_4' title="bbox 272 1621 1647 1735">
     <span class='ocr_line' id='line_1_21' title="bbox 324 1621 1647 1669; baseline -0.002 -8"><span class='ocrx_word' id='word_1_182' title='bbox 324 1626 408 1661; x_wconf 57' lang='lat' dir='ltr'>Car.</span> <span class='ocrx_word' id='word_1_183' title='bbox 434 1626 502 1659; x_wconf 91' lang='lat' dir='ltr'>III.</span> <span class='ocrx_word' id='word_1_184' title='bbox 528 1624 679 1659; x_wconf 80' lang='lat' dir='ltr'>Proelio.</span> <span class='ocrx_word' id='word_1_185' title='bbox 700 1622 801 1657; x_wconf 89' lang='lat' dir='ltr'>Dicit</span> <span class='ocrx_word' id='word_1_186' title='bbox 825 1621 1108 1656; x_wconf 76' lang='lat' dir='ltr'>celeberrimum</span> <span class='ocrx_word' id='word_1_187' title='bbox 1128 1623 1300 1668; x_wconf 82' lang='lat' dir='ltr'>proelium</span> <span class='ocrx_word' id='word_1_188' title='bbox 1319 1622 1363 1657; x_wconf 86' lang='lat' dir='ltr'>ad</span> <span class='ocrx_word' id='word_1_189' title='bbox 1389 1623 1647 1669; x_wconf 80' lang='lat' dir='ltr'>Chaeroneam,</span> 
     </span>
     <span class='ocr_line' id='line_1_22' title="bbox 272 1685 621 1735; baseline -0.009 -13"><span class='ocrx_word' id='word_1_190' title='bbox 272 1689 411 1735; x_wconf 82' lang='lat' dir='ltr'>olymp.</span> <span class='ocrx_word' id='word_1_191' title='bbox 434 1699 505 1722; x_wconf 87' lang='lat'>110</span> <span class='ocrx_word' id='word_1_192' title='bbox 526 1699 557 1722; x_wconf 90' lang='lat' dir='ltr'>a.</span> <span class='ocrx_word' id='word_1_193' title='bbox 588 1685 621 1720; x_wconf 80' lang='lat'>3.</span> 
     </span>
    </p>

    <p class='ocr_par' dir='ltr' id='par_1_5' title="bbox 272 1745 1646 1846">
     <span class='ocr_line' id='line_1_23' title="bbox 325 1745 1646 1794; baseline -0.001 -11"><span class='ocrx_word' id='word_1_194' title='bbox 325 1750 407 1784; x_wconf 80' lang='lat' dir='ltr'><strong>CAP.</strong></span> <span class='ocrx_word' id='word_1_195' title='bbox 433 1749 517 1784; x_wconf 89' lang='lat' dir='ltr'><strong>VII.</strong></span> <span class='ocrx_word' id='word_1_196' title='bbox 546 1749 713 1782; x_wconf 76' lang='lat' dir='ltr'>Fratrem.</span> <span class='ocrx_word' id='word_1_197' title='bbox 731 1758 779 1780; x_wconf 77' lang='lat' dir='ltr'>ex</span> <span class='ocrx_word' id='word_1_198' title='bbox 804 1758 970 1781; x_wconf 72' lang='lat' dir='ltr'>noverca.</span> <span class='ocrx_word' id='word_1_199' title='bbox 997 1745 1199 1786; x_wconf 77' lang='lat' dir='ltr'>Caranum,</span> <span class='ocrx_word' id='word_1_200' title='bbox 1225 1745 1392 1793; x_wconf 83' lang='lat' dir='ltr'>Philippi</span> <span class='ocrx_word' id='word_1_201' title='bbox 1417 1759 1460 1782; x_wconf 80' lang='lat' dir='ltr'>ex</span> <span class='ocrx_word' id='word_1_202' title='bbox 1483 1747 1646 1794; x_wconf 83' lang='lat' dir='ltr'>Cleopa—</span> 
     </span>
     <span class='ocr_line' id='line_1_24' title="bbox 272 1810 482 1846; baseline 0 -1"><span class='ocrx_word' id='word_1_203' title='bbox 272 1819 327 1846; x_wconf 88' lang='lat' dir='ltr'>tra</span> <span class='ocrx_word' id='word_1_204' title='bbox 353 1810 482 1846; x_wconf 89' lang='lat' dir='ltr'>filium.</span> 
     </span>
    </p>

    <p class='ocr_par' dir='ltr' id='par_1_6' title="bbox 324 1872 748 1918">
     <span class='ocr_line' id='line_1_25' title="bbox 324 1872 748 1918; baseline 0.002 -12"><span class='ocrx_word' id='word_1_205' title='bbox 324 1873 436 1906; x_wconf 76' lang='lat' dir='ltr'>Filia,</span> <span class='ocrx_word' id='word_1_206' title='bbox 462 1873 611 1918; x_wconf 85' lang='lat' dir='ltr'>Europa</span> <span class='ocrx_word' id='word_1_207' title='bbox 640 1872 748 1907; x_wconf 79' lang='lat' dir='ltr'>dicta.</span> 
     </span>
    </p>

    <p class='ocr_par' dir='ltr' id='par_1_7' title="bbox 273 1931 1647 2041">
     <span class='ocr_line' id='line_1_26' title="bbox 325 1931 1647 1980; baseline -0.003 -12"><span class='ocrx_word' id='word_1_208' title='bbox 325 1934 408 1969; x_wconf 76' lang='lat' dir='ltr'>CAP.</span> <span class='ocrx_word' id='word_1_209' title='bbox 431 1933 535 1968; x_wconf 83' lang='lat' dir='ltr'><strong>VIII.</strong></span> <span class='ocrx_word' id='word_1_210' title='bbox 564 1934 684 1978; x_wconf 78' lang='lat' dir='ltr'>Quum</span> <span class='ocrx_word' id='word_1_211' title='bbox 704 1934 812 1967; x_wconf 76' lang='lat' dir='ltr'>annis</span> <span class='ocrx_word' id='word_1_212' title='bbox 842 1945 916 1967; x_wconf 85' lang='lat' dir='ltr'>xxv</span> <span class='ocrx_word' id='word_1_213' title='bbox 939 1940 1140 1980; x_wconf 75' lang='lat' dir='ltr'>regnasset.</span> <span class='ocrx_word' id='word_1_214' title='bbox 1178 1931 1322 1978; x_wconf 81' lang='lat' dir='ltr'>Agebat</span> <span class='ocrx_word' id='word_1_215' title='bbox 1357 1933 1482 1977; x_wconf 81' lang='lat' dir='ltr'>potius</span> <span class='ocrx_word' id='word_1_216' title='bbox 1508 1943 1647 1967; x_wconf 87' lang='lat' dir='ltr'>annum</span> 
     </span>
     <span class='ocr_line' id='line_1_27' title="bbox 273 1993 1243 2041; baseline -0.001 -13"><span class='ocrx_word' id='word_1_217' title='bbox 273 1993 495 2041; x_wconf 84' lang='lat' dir='ltr'>vigesimum</span> <span class='ocrx_word' id='word_1_218' title='bbox 515 1994 685 2040; x_wconf 87' lang='lat' dir='ltr'>quintum</span> <span class='ocrx_word' id='word_1_219' title='bbox 706 1993 873 2041; x_wconf 89' lang='lat' dir='ltr'>imperii,</span> <span class='ocrx_word' id='word_1_220' title='bbox 894 1994 1031 2041; x_wconf 81' lang='lat' dir='ltr'>olymp.</span> <span class='ocrx_word' id='word_1_221' title='bbox 1060 2006 1131 2028; x_wconf 85' lang='lat'>110</span> <span class='ocrx_word' id='word_1_222' title='bbox 1156 2007 1187 2027; x_wconf 84' lang='lat' dir='ltr'>a.</span> <span class='ocrx_word' id='word_1_223' title='bbox 1212 1999 1243 2034; x_wconf 58' lang='grc' dir='ltr'>ι’..</span> 
     </span>
    </p>
   </div>
   <div class='ocr_carea' id='block_1_4' title="bbox 767 2127 1158 2162">
    <p class='ocr_par' dir='ltr' id='par_1_8' title="bbox 767 2127 1158 2162">
     <span class='ocr_line' id='line_1_28' title="bbox 767 2127 1158 2162; baseline 0 -1"><span class='ocrx_word' id='word_1_224' title='bbox 767 2127 825 2161; x_wconf 82' lang='grc' dir='ltr'>ΙΝ</span> <span class='ocrx_word' id='word_1_225' title='bbox 852 2127 1079 2162; x_wconf 85' lang='lat' dir='ltr'>LIBRUM</span> <span class='ocrx_word' id='word_1_226' title='bbox 1108 2127 1158 2161; x_wconf 88' lang='lat' dir='ltr'>X.</span> 
     </span>
    </p>
   </div>
   <div class='ocr_carea' id='block_1_5' title="bbox 270 2234 1648 2712">
    <p class='ocr_par' dir='ltr' id='par_1_9' title="bbox 272 2234 1648 2392">
     <span class='ocr_line' id='line_1_29' title="bbox 322 2234 1648 2281; baseline -0.002 -11"><span class='ocrx_word' id='word_1_227' title='bbox 322 2234 486 2270; x_wconf 85' lang='lat' dir='ltr'>Plurima</span> <span class='ocrx_word' id='word_1_228' title='bbox 509 2235 570 2269; x_wconf 89' lang='lat' dir='ltr'>hic</span> <span class='ocrx_word' id='word_1_229' title='bbox 591 2234 757 2269; x_wconf 88' lang='lat' dir='ltr'>Justinus</span> <span class='ocrx_word' id='word_1_230' title='bbox 783 2234 929 2278; x_wconf 87' lang='lat' dir='ltr'>omisit,</span> <span class='ocrx_word' id='word_1_231' title='bbox 960 2247 1040 2281; x_wconf 89' lang='lat' dir='ltr'>quae</span> <span class='ocrx_word' id='word_1_232' title='bbox 1064 2235 1263 2281; x_wconf 88' lang='lat' dir='ltr'>Pompeius</span> <span class='ocrx_word' id='word_1_233' title='bbox 1295 2241 1512 2269; x_wconf 84' lang='lat' dir='ltr'>narraverat</span> <span class='ocrx_word' id='word_1_234' title='bbox 1532 2247 1539 2267; x_wconf 91' lang='lat'>:</span> <span class='ocrx_word' id='word_1_235' title='bbox 1562 2234 1648 2268; x_wconf 88' lang='lat' dir='ltr'>vide</span> 
     </span>
     <span class='ocr_line' id='line_1_30' title="bbox 272 2295 1646 2344; baseline -0.001 -13"><span class='ocrx_word' id='word_1_236' title='bbox 272 2297 420 2344; x_wconf 79' lang='lat' dir='ltr'>Prolog.</span> <span class='ocrx_word' id='word_1_237' title='bbox 436 2298 526 2341; x_wconf 85' lang='lat' dir='ltr'>Quae</span> <span class='ocrx_word' id='word_1_238' title='bbox 548 2303 688 2331; x_wconf 89' lang='lat' dir='ltr'>restant</span> <span class='ocrx_word' id='word_1_239' title='bbox 707 2295 936 2331; x_wconf 88' lang='lat' dir='ltr'>conferenda</span> <span class='ocrx_word' id='word_1_240' title='bbox 960 2303 1046 2330; x_wconf 91' lang='lat' dir='ltr'>sunt</span> <span class='ocrx_word' id='word_1_241' title='bbox 1065 2309 1147 2331; x_wconf 88' lang='lat' dir='ltr'>cum</span> <span class='ocrx_word' id='word_1_242' title='bbox 1175 2297 1361 2331; x_wconf 79' lang='lat' dir='ltr'>Plutarch.</span> <span class='ocrx_word' id='word_1_243' title='bbox 1377 2323 1386 2340; x_wconf 94' lang='lat'>,</span> <span class='ocrx_word' id='word_1_244' title='bbox 1412 2296 1451 2330; x_wconf 89' lang='lat' dir='ltr'>in</span> <span class='ocrx_word' id='word_1_245' title='bbox 1472 2296 1550 2330; x_wconf 82' lang='lat' dir='ltr'>Vita</span> <span class='ocrx_word' id='word_1_246' title='bbox 1569 2298 1646 2330; x_wconf 84' lang='lat' dir='ltr'>Ar-</span> 
     </span>
     <span class='ocr_line' id='line_1_31' title="bbox 272 2359 453 2392; baseline 0.006 -1"><span class='ocrx_word' id='word_1_247' title='bbox 272 2359 453 2392; x_wconf 69' lang='lat' dir='ltr'>taxerxis.</span> 
     </span>
    </p>

    <p class='ocr_par' dir='ltr' id='par_1_10' title="bbox 325 2419 1198 2466">
     <span class='ocr_line' id='line_1_32' title="bbox 325 2419 1198 2466; baseline 0.001 -12"><span class='ocrx_word' id='word_1_248' title='bbox 325 2420 408 2454; x_wconf 76' lang='lat' dir='ltr'><strong>CAP.</strong></span> <span class='ocrx_word' id='word_1_249' title='bbox 435 2421 464 2453; x_wconf 95' lang='grc' dir='ltr'>Ι.</span> <span class='ocrx_word' id='word_1_250' title='bbox 492 2420 710 2454; x_wconf 67' lang='lat' dir='ltr'>Artaxerxi.</span> <span class='ocrx_word' id='word_1_251' title='bbox 733 2419 969 2466; x_wconf 85' lang='lat' dir='ltr'>Cognomine.</span> <span class='ocrx_word' id='word_1_252' title='bbox 996 2420 1198 2456; x_wconf 60' lang='lat' dir='ltr'>ffilnemom&#39;.</span> 
     </span>
    </p>

    <p class='ocr_par' dir='ltr' id='par_1_11' title="bbox 270 2479 1647 2589">
     <span class='ocr_line' id='line_1_33' title="bbox 323 2479 1647 2528; baseline -0.002 -13"><span class='ocrx_word' id='word_1_253' title='bbox 323 2481 406 2516; x_wconf 61' lang='lat' dir='ltr'>Cn.</span> <span class='ocrx_word' id='word_1_254' title='bbox 434 2481 483 2515; x_wconf 93' lang='grc' dir='ltr'>ΙΙ.</span> <span class='ocrx_word' id='word_1_255' title='bbox 504 2481 705 2515; x_wconf 83' lang='lat' dir='ltr'>Annotatis</span> <span class='ocrx_word' id='word_1_256' title='bbox 733 2493 847 2528; x_wconf 84' lang='lat' dir='ltr'>supra</span> <span class='ocrx_word' id='word_1_257' title='bbox 878 2481 926 2515; x_wconf 83' lang='lat' dir='ltr'>de</span> <span class='ocrx_word' id='word_1_258' title='bbox 957 2481 1052 2516; x_wconf 78' lang='lat' dir='ltr'>Solis</span> <span class='ocrx_word' id='word_1_259' title='bbox 1081 2483 1314 2525; x_wconf 82' lang='lat' dir='ltr'>sacerdotio,</span> <span class='ocrx_word' id='word_1_260' title='bbox 1336 2480 1432 2515; x_wconf 85' lang='lat' dir='ltr'>adde</span> <span class='ocrx_word' id='word_1_261' title='bbox 1458 2479 1647 2522; x_wconf 57' lang='lat' dir='ltr'>Brissou„</span> 
     </span>
     <span class='ocr_line' id='line_1_34' title="bbox 270 2542 975 2589; baseline 0.001 -13"><span class='ocrx_word' id='word_1_262' title='bbox 270 2544 317 2576; x_wconf 84' lang='lat' dir='ltr'>de</span> <span class='ocrx_word' id='word_1_263' title='bbox 342 2543 468 2589; x_wconf 79' lang='lat' dir='ltr'>Regno</span> <span class='ocrx_word' id='word_1_264' title='bbox 488 2543 710 2582; x_wconf 81' lang='lat' dir='ltr'>Persarum,</span> <span class='ocrx_word' id='word_1_265' title='bbox 730 2555 780 2585; x_wconf 89' lang='lat'>11,</span> <span class='ocrx_word' id='word_1_266' title='bbox 807 2555 887 2589; x_wconf 88' lang='lat' dir='ltr'>cap.</span> <span class='ocrx_word' id='word_1_267' title='bbox 914 2542 975 2589; x_wconf 88' lang='lat'>69.</span> 
     </span>
    </p>

    <p class='ocr_par' dir='ltr' id='par_1_12' title="bbox 270 2597 1643 2712">
     <span class='ocr_line' id='line_1_35' title="bbox 324 2597 1643 2651; baseline -0.005 -13"><span class='ocrx_word' id='word_1_268' title='bbox 324 2603 407 2638; x_wconf 64' lang='lat' dir='ltr'>Cu.</span> <span class='ocrx_word' id='word_1_269' title='bbox 428 2597 496 2637; x_wconf 77' lang='lat'>111.</span> <span class='ocrx_word' id='word_1_270' title='bbox 530 2603 698 2638; x_wconf 78' lang='lat' dir='ltr'>Cadusiis</span> <span class='ocrx_word' id='word_1_271' title='bbox 725 2603 844 2648; x_wconf 83' lang='lat' dir='ltr'>infert.</span> <span class='ocrx_word' id='word_1_272' title='bbox 866 2605 948 2638; x_wconf 82' lang='lat' dir='ltr'>lmo</span> <span class='ocrx_word' id='word_1_273' title='bbox 969 2611 1075 2651; x_wconf 86' lang='lat' dir='ltr'>pater</span> <span class='ocrx_word' id='word_1_274' title='bbox 1099 2605 1171 2640; x_wconf 90' lang='lat' dir='ltr'>hoc</span> <span class='ocrx_word' id='word_1_275' title='bbox 1192 2605 1328 2639; x_wconf 81' lang='lat' dir='ltr'>fecerat</span> <span class='ocrx_word' id='word_1_276' title='bbox 1342 2636 1349 2648; x_wconf 87' lang='lat'>‚</span> <span class='ocrx_word' id='word_1_277' title='bbox 1375 2610 1413 2637; x_wconf 88' lang='lat' dir='ltr'>ut</span> <span class='ocrx_word' id='word_1_278' title='bbox 1433 2608 1532 2637; x_wconf 87' lang='lat' dir='ltr'>recte</span> <span class='ocrx_word' id='word_1_279' title='bbox 1555 2599 1643 2635; x_wconf 84' lang='lat' dir='ltr'>olim</span> 
     </span>
     <span class='ocr_line' id='line_1_36' title="bbox 270 2664 1123 2712; baseline 0.001 -13"><span class='ocrx_word' id='word_1_280' title='bbox 270 2664 462 2711; x_wconf 84' lang='lat' dir='ltr'>legebatur</span> <span class='ocrx_word' id='word_1_281' title='bbox 484 2665 583 2711; x_wconf 89' lang='lat' dir='ltr'>apud</span> <span class='ocrx_word' id='word_1_282' title='bbox 608 2664 837 2711; x_wconf 85' lang='lat' dir='ltr'>Pompeium.</span> <span class='ocrx_word' id='word_1_283' title='bbox 864 2665 949 2701; x_wconf 91' lang='lat' dir='ltr'>Vid.</span> <span class='ocrx_word' id='word_1_284' title='bbox 978 2667 1123 2712; x_wconf 79' lang='lat' dir='ltr'>Prolog.</span> 
     </span>
    </p>
   </div>
  </div>
 </body>
</html>
