1783 3282
330 264 376 299 1'00
920 256 1107 291 JUSTINI

329 340 437 383 Auri
464 339 718 398 argentique
752 355 898 394 usum,
923 337 1042 382 velut
1079 341 1273 381 omnium
1311 337 1523 381 scelerum
1564 346 1696 379 matr·-

328 418 437 459 riam
452 451 463 472 ,
489 417 675 461 sustulit.

392 497 469 538 ΠΙ.
493 495 924 540 Administrationem
953 495 1200 556 reipublicae
1223 512 1299 555 per
1323 495 1494 538 ordines
1521 495 1693 537 divisit:

327 574 498 634 regibus
526 585 784 635 potestatem
810 575 1045 628 bellorum3
1077 576 1402 634 magistratibus
1427 575 1591 634 judicia
1619 590 1696 633 per

327 669 490 697 annuas
515 655 832 707 successiones;
857 655 1023 697 senatui
1052 653 1294 697 custodiam
1329 653 1500 713 legum,
1532 652 1695 712 populo

328 732 579 793 sublegendi
604 744 798 777 senatum
816 768 827 787 ,
850 734 917 777 vel
941 733 1114 777 creandi
1135 750 1242 792 quos
1258 732 1693 792 velletmagistratus,

326 821 582 871 potestatem
598 813 807 872 permisit.
824 813 998 856 Fundos
1011 814 1206 856 omnium
1227 811 1450 871 aequaliter
1464 813 1577 855 inter
1604 827 1696 854 om-

326 909 400 936 nes
429 892 590 947 divisit,
615 903 664 936 ut
686 903 852 952 aequata
876 894 1136 952 patrimonia
1162 894 1379 936 neminem
1403 892 1692 952 potentiorem

325 970 460 1014 altero
484 971 727 1014 redderent.
756 973 990 1015 Convivari
1015 989 1163 1016 omnes
1183 972 1354 1032 publice
1372 972 1518 1032 jussit,
1547 987 1600 1014 ne
1623 987 1696 1013 cu-

321 1051 392 1109 jus
415 1050 575 1093 divitiae
604 1050 669 1093 vel
695 1050 864 1093 luxuria
888 1052 931 1093 in
956 1051 1129 1094 occulto
1156 1062 1309 1094 essent.
1335 1051 1574 1094 Juvenibus
1607 1067 1693 1093 non

325 1129 510 1188 amplius
531 1146 614 1172 una
631 1139 749 1173 veste
770 1132 834 1173 uti
856 1140 948 1174 toto
968 1148 1082 1174 anno
1097 1132 1312 1191 permisit,
1331 1147 1409 1173 nec
1430 1146 1694 1189 quemquam

325 1207 485 1250 cultius
509 1225 639 1267 quam
663 1208 846 1252 alterum
873 1210 1097 1270 progredi,
1120 1227 1199 1253 nec
1223 1209 1389 1269 epulari
1417 1208 1665 1269 opulentius
1684 1243 1694 1263 ,

326 1302 377 1329 ne
400 1287 585 1330 imitatio
614 1289 657 1329 in
682 1286 897 1332 luxuriam
924 1299 1181 1332 verteretur.
1209 1291 1371 1332 Pueros
1397 1288 1582 1348 puberes
1606 1305 1694 1331 non

326 1366 368 1407 in
395 1365 537 1409 forum
553 1401 564 1418 ,
590 1367 663 1409 sed
687 1368 729 1409 in
759 1384 912 1427 agrum
936 1368 1091 1411 deduci
1112 1369 1341 1427 praecepit,
1372 1378 1420 1410 ut
1440 1369 1602 1427 primos
1627 1384 1696 1410 an-

327 1461 400 1487 nos
428 1462 515 1488 non
546 1447 589 1488 in
623 1446 817 1501 luxuria,
845 1447 916 1489 sed
955 1448 998 1489 in
1035 1464 1166 1506 opere
1197 1457 1238 1489 et
1251 1447 1472 1489 laboribus
1500 1457 1693 1507 agerent.

324 1523 443 1566 Nihil
473 1541 544 1567 eos
582 1526 720 1567 somni
756 1542 884 1568 causa
915 1526 1217 1579 substernere,
1251 1536 1294 1568 et
1320 1527 1456 1568 vitam
1485 1527 1575 1569 sine
1602 1525 1697 1585 pul—

324 1613 471 1646 mento
492 1604 671 1664 degere,
701 1621 840 1664 neque
869 1606 989 1664 prius
1019 1607 1062 1647 in
1087 1606 1240 1648 urbem
1266 1605 1430 1660 redire,
1457 1622 1588 1664 quam
1612 1606 1695 1647 viri

324 1683 425 1725 facti
449 1693 614 1738 essent,
641 1685 804 1727 statuit.
832 1684 1036 1744 Virgines
1057 1686 1147 1727 sine
1170 1684 1270 1727 dote
1292 1684 1455 1727 nubere
1476 1685 1622 1744 jussit,
1647 1694 1696 1727 ut

323 1778 477 1805 uxores
507 1762 788 1823 eligerentur,
813 1781 899 1807 non
923 1765 1143 1823 pecuniae,
1170 1765 1446 1823 severiusque
1473 1765 1695 1807 matrimo-

324 1841 394 1883 nia
413 1858 489 1884 sua
511 1843 592 1884 viri
609 1853 878 1899 coercerent,
895 1859 1031 1902 quum
1047 1843 1176 1886 nullis
1201 1843 1312 1886 dotis
1336 1842 1478 1886 fraenis
1498 1852 1696 1886 teneren-

324 1930 406 1963 tur.
432 1923 674 1965 Maximum
697 1922 907 1967 honorem
928 1939 1015 1966 non
1038 1923 1221 1966 divitum
1253 1932 1296 1965 et
1324 1922 1569 1982 potentium
1584 1957 1594 1977 ,
1620 1922 1693 1964 sed

324 2017 402 2060 pro
427 2002 563 2061 gradu
590 2003 752 2057 aetatis,
785 2019 936 2046 senum
964 2019 1054 2046 esse
1082 2002 1233 2045 voluit.
1264 2004 1355 2045 Nec
1379 2018 1480 2045 sane
1509 2018 1693 2061 usquam

322 2090 538 2125 terrarum
565 2081 709 2125 locum
729 2083 1052 2126 honoratiorem
1078 2092 1276 2125 senectus
1299 2082 1444 2125 habet.
1465 2084 1566 2124 Haec
1589 2097 1695 2141 quo-

322 2162 438 2204 niam
467 2163 632 2221 primo,
659 2161 810 2205 solutis
843 2171 968 2205 antea
998 2162 1214 2216 moribus,
1241 2161 1349 2204 dura
1375 2160 1549 2203 videbat
1580 2177 1693 2211 esse,

320 2250 543 2284 auctorem
576 2258 724 2284 eorum
757 2240 1004 2301 Apollinem
1039 2241 1304 2301 Delphicum
1333 2241 1482 2300 fingit,
1518 2251 1561 2283 et
1593 2241 1693 2284 inde

320 2336 363 2362 se
397 2336 445 2363 ea
474 2337 525 2363 ex
559 2330 775 2380 praecepto
804 2321 994 2364 numinis
1026 2320 1256 2373 detulisse,
1292 2330 1342 2363 ut
1380 2321 1692 2363 consuescendi

321 2399 496 2442 taedium
536 2409 675 2443 metus
710 2399 929 2460 religionis
969 2402 1128 2443 vincat.
1171 2401 1283 2442 Dein
1321 2410 1365 2442 ut
1400 2401 1687 2442 aeternitatem

320 2478 486 2538 legibus
514 2481 600 2522 suis
632 2479 778 2532 daret,
806 2479 1092 2539 jurejurando
1120 2478 1283 2539 obligat
1311 2480 1552 2533 civitatem,
1580 2479 1690 2522 nihil

318 2575 389 2601 eos
416 2558 466 2601 de
496 2560 586 2618 ejus
611 2558 775 2618 legibus
798 2569 1063 2612 mutaturos,
1088 2560 1338 2618 priusquam
1368 2568 1688 2602 reverteretur:

319 2647 359 2679 et
387 2636 558 2680 simulat
583 2655 625 2680 se
647 2638 698 2681 ad
717 2639 942 2682 oraculum
974 2639 1230 2697 Delphicum
1255 2639 1489 2698 proficisci,
1518 2639 1692 2682 consul-
