1783 3282
474 273 734 309 HISTORIAS
764 273 1076 311 PHILIPPICAS.
1389 284 1433 321 24
1446 294 1456 314 ι

151 350 417 385 Codomannus.
455 350 524 385 Hic
553 357 754 397 prognatus
780 356 856 384 erat
885 362 929 384 ex
955 353 1127 398 Arsame,
1158 354 1268 389 fratre
1297 358 1462 402 patruele

94 411 310 445 Artaxerxis
336 411 433 458 regis
461 424 506 446 ex
534 414 683 448 Ostane.

147 472 240 506 Post
255 479 408 506 mortem
428 472 531 508 Ochi.
556 474 643 508 Non
662 474 785 509 statim
799 473 966 520 quidem,
989 473 1053 508 sed
1075 474 1326 511 intercedente
1340 479 1435 512 Arse
1450 491 1460 510 :

93 532 194 577 quod
219 532 351 566 iterum
377 534 510 569 rectius
534 534 735 570 tradiderat
754 535 961 582 Pompeius.

566 662 623 695 ΙΝ
654 661 874 696 LIBRUM
904 662 976 696 XI.

142 771 186 805 In
211 771 283 805 hoc
309 771 408 805 libro
434 778 469 806 et
491 771 660 817 sequenti
682 771 886 806 Alexandri
908 783 964 805 res
989 770 1362 818 magnificentissimae
1391 786 1455 809 ex—

88 840 281 880 ponuntur
314 846 320 866 :
359 845 439 879 quae
477 844 698 878 quamquam
724 831 813 866 olim
839 844 859 867 a
887 831 1055 878 plurimis
1083 833 1325 880 scriptoribus
1361 837 1461 871 cele—

88 895 201 929 bratae
227 894 392 937 fuerant,
419 905 464 927 ex
493 893 616 939 paucis
654 899 776 928 tamen
814 892 924 927 nobis
953 900 1104 929 servatae
1140 901 1235 929 sunt.
1260 895 1371 931 Unde
1402 896 1456 932 fa-

88 963 186 990 ctum
214 962 289 997 est,
318 962 356 989 ut
388 961 489 989 certo
523 952 699 988 affirmari
728 966 805 988 non
839 954 975 1000 possit,
999 967 1073 1001 quo
1101 954 1336 1002 potissimum
1368 957 1461 992 duce

89 1016 285 1064 Pompeius
304 1017 400 1051 hanc
421 1016 614 1050 historiam
634 1015 858 1050 tractaverit.
884 1016 914 1050 E
932 1014 1097 1062 vestigiis
1123 1016 1266 1063 aliquot
1291 1017 1461 1065 intelligo

88 1078 336 1112 Aristobulum
350 1104 360 1119 ‚
381 1076 412 1111 si
430 1089 508 1111 non
521 1076 679 1122 ubique,
707 1075 839 1123 saepius
861 1082 984 1110 tamen
1005 1075 1052 1110 ab
1072 1088 1117 1111 eo
1137 1089 1352 1124 expressum
1371 1091 1460 1115 esse.

89 1140 145 1173 De
170 1145 251 1173 toto
267 1144 507 1185 argumento,
522 1137 607 1171 vide
630 1137 819 1183 egregium
842 1136 980 1171 librum
994 1137 1065 1171 viri
1084 1137 1215 1175 illustr.
1238 1139 1461 1184 ST.-C1zo1x‚

88 1202 263 1235 Examen
282 1200 432 1246 critique
457 1199 523 1233 des
536 1198 731 1233 historiens
749 1198 1225 1233 d'Alexandre-le-Grand.

144 1262 228 1296 CAP.
249 1261 297 1295 ΙΙ.
319 1260 564 1295 Athenienses
583 1267 618 1292 et
636 1258 839 1293 Thebanos.
855 1257 915 1293 Sic
933 1258 1087 1292 historia
1110 1258 1190 1306 ipsa
1200 1259 1354 1305 jubente
1368 1263 1460 1296 Asu—

88 1323 192 1356 lanus
211 1322 248 1356 in
284 1321 340 1357 ed.
367 1320 502 1356 Aldina
527 1319 705 1362 correxit3
725 1319 835 1353 codd.
862 1319 999 1353 Justini
1025 1332 1032 1352 :
1059 1320 1144 1354 Ath.
1165 1328 1201 1354 et
1225 1322 1462 1356 Lacedoemo-

85 1385 184 1426 nios,
201 1382 360 1430 proclivi
374 1383 495 1428 lapsu,
511 1393 624 1427 quum
643 1379 683 1414 hi
702 1379 833 1427 populi
853 1387 927 1414 tam
952 1392 1048 1427 saepe
1069 1381 1176 1415 simul
1195 1389 1459 1418 memorentur.

140 1445 224 1480 CAP.
251 1445 319 1478 III.
340 1443 634 1489 Maternaeque...
655 1441 948 1476 necessitudinis.
971 1442 1186 1477 Alexander
1204 1442 1303 1476 enim
1327 1450 1462 1479 mater-

86 1519 176 1540 num
200 1517 314 1553 genus
341 1505 388 1539 ab
416 1503 558 1539 Achille
583 1504 771 1549 AEacoque
797 1503 998 1547 derivavit,
1027 1503 1188 1539 AEacidae
1212 1517 1301 1539 vero
1326 1505 1414 1540 inde
1441 1519 1461 1542 a

87 1568 197 1602 Peleo
224 1567 263 1600 in
283 1566 415 1600 Phthia
441 1564 637 1599 Thessaliae
655 1571 914 1610 regnaverant.

136 1630 221 1663 CAP.
243 1629 287 1662 V.
303 1628 422 1674 Reges
440 1625 717 1672 stipendiarios.
738 1626 795 1659 Sc.
823 1625 998 1659 Thraciae.
1022 1625 1249 1672 Explicatius
1271 1627 1346 1662 haec
1369 1640 1459 1662 nar-

86 1696 142 1723 rat
169 1689 388 1730 Frontinus,
417 1688 596 1733 Strateg.‚
624 1698 677 1729 11,
705 1697 767 1727 11,
789 1688 807 1729 ἓ
831 1684 863 1720 3.

139 1750 221 1785 CAP.
248 1751 311 1784 VI.
343 1750 426 1783 Non
445 1747 597 1792 juvenes
619 1746 803 1788 robustos,
824 1753 891 1781 etc.
907 1748 961 1781 De
982 1747 1036 1781 his
1063 1747 1269 1791 St.-Croix‚
1290 1750 1328 1783 in
1348 1751 1461 1784 Exa-

84 1823 167 1846 men
197 1811 366 1857 critique,
396 1817 484 1853 ete,
511 1821 546 1855 p.
577 1806 649 1851 237
685 1820 691 1841 ε
730 1808 859 1842 «Tout
893 1809 969 1842 cela
1003 1821 1162 1855 manque
1199 1810 1458 1846 d'exactitude.

83 1873 175 1907 sans
197 1871 311 1906 doute
330 1871 355 1905 il
369 1884 391 1918 y
409 1871 507 1905 avait
530 1870 617 1904 bien
641 1868 705 1903 des
720 1868 829 1903 vieux
848 1868 1068 1915 capitaine53
1086 1869 1179 1905 mais
1205 1870 1231 1904 il
1258 1871 1336 1906 s’en
1354 1879 1459 1906 trou-

84 1933 159 1967 vait
183 1933 279 1968 aussi
304 1933 497 1978 beaucoup
522 1931 569 1966 de
594 1930 724 1976 jeunes
754 1942 761 1963 ε
786 1929 833 1964 de
857 1942 897 1964 ce
928 1931 1086 1965 nombre
1114 1930 1250 1965 etaient
1272 1932 1459 1975 Philotas,

84 1994 270 2037 Nicanor,
321 1994 493 2040 Pliilippc
511 2022 519 2037 ‚
567 1992 702 2027 Coenus
717 2018 726 2035 ,
770 1991 982 2035 Perdiccas,
1029 1992 1179 2027 Cratere
1194 2020 1203 2036 ‚
1250 1993 1374 2038 Calas,
1424 2002 1460 2028 et

83 2062 222 2098 autres,
250 2071 264 2086 »
289 2062 357 2090 etc.

134 2116 270 2151 Statuis
293 2115 530 2163 equestribus.
550 2115 637 2149 Non
657 2126 804 2157 omnes,
829 2121 868 2148 ut
887 2113 991 2148 facile
1017 2113 1219 2148 existimari
1237 2120 1374 2160 potest,
1395 2115 1459 2149 sed

83 2178 216 2225 viginti
257 2178 420 2224 quinque
454 2189 500 2211 ex
527 2183 649 2210 turma
681 2174 862 2219 Socratis,
889 2175 952 2221 qui
978 2175 1100 2221 primo
1134 2175 1277 2223 impetu
1310 2176 1457 2211 cecide-

83 2246 176 2274 rant.
191 2239 288 2274 Vide
316 2239 550 2282 ST.-Cr.01x,
571 2249 608 2284 p.
640 2240 725 2278 241.

134 2301 266 2346 Major
282 2313 379 2348 pars
408 2300 523 2334 Asioe.
551 2299 579 2332 I.
616 2311 646 2333 e.
673 2298 794 2332 omnis
822 2297 881 2331 illa
909 2310 987 2344 quae
1007 2297 1103 2332 intra
1127 2298 1288 2332 Taurum
1317 2304 1353 2332 et
1381 2299 1459 2332 Eu—

80 2365 248 2410 phratem
275 2369 362 2397 erat.

135 2427 219 2461 cip,
245 2425 330 2458 VII.
358 2425 574 2458 Alexandro
594 2423 790 2468 Lyncesta.
808 2420 904 2455 Vide
920 2419 1128 2466 superiores
1146 2426 1253 2454 notas
1265 2445 1274 2463 ,
1288 2418 1335 2452 ad
1348 2431 1378 2453 c.
1406 2431 1456 2461 11,

80 2500 115 2533 p.
145 2485 230 2521 208.

141 2548 281 2582 Vicinoe
300 2546 408 2580 urbis.
436 2543 614 2579 Telmessi
629 2571 638 2586 ‚
662 2543 727 2578 uhi
741 2550 842 2578 vates
856 2542 974 2577 multi.
1001 2543 1030 2574 V
1037 2541 1085 2576 id.
1105 2542 1229 2575 Bam
1244 2568 1253 2585 ,
1273 2543 1455 2576 Dictiorm.

81 2618 156 2643 crit.
184 2618 219 2644 et
238 2609 362 2643 histor.
378 2634 387 2649 ‚
415 2619 442 2641 s.
470 2619 503 2639 v.
541 2607 758 2639 Telmessus.

134 2672 217 2705 Cu».
251 2671 299 2705 X.
331 2670 469 2703 Multos
503 2667 661 2700 Orientis
703 2677 814 2712 reges.
852 2665 1002 2711 Insigne
1032 2664 1102 2698 hoc
1132 2662 1458 2708 magniloquentiae

310 2755 335 2780 1.
1212 2728 1264 2772 16
