1783 3282
652 283 846 318 LIBRUM
872 284 920 318 11.
1397 302 1443 324 90
1453 302 1467 324 ῐ

102 365 220 399 eitum.
247 364 406 411 Cecrops
441 365 552 411 igitur
585 365 684 400 idem
719 372 797 400 erat
823 378 863 400 ac
899 367 1061 402 Bacchus
1102 376 1161 404 aut
1204 371 1337 406 rectius
1369 374 1475 407 Mer-

104 425 242 468 curius,
262 425 324 471 qui
342 437 448 460 mane
467 425 611 460 Lucifer
631 433 683 460 est
695 453 703 468 ,
726 426 894 473 vesperi,
913 428 1054 473 Vesper
1071 441 1134 463 seu
1153 430 1355 478 Hesperus,
1376 434 1475 480 quod

104 485 223 532 arguit
239 497 377 519 nomen
397 485 517 532 ipsum
542 486 729 533 Cecropis.
754 487 915 534 Cecrops
947 488 1064 531 enim,
1092 501 1206 535 graece
1232 499 1382 543 Κέκρωψ,
1407 506 1476 541 pro

104 551 240 595 κέρκωψ,
278 553 331 579 est
367 554 551 590 versutus,
586 547 838 583 fraudulentus
851 575 860 592 ,
895 548 1106 595 improbus,
1143 550 1234 585 sicut
1263 554 1475 590 Mercurius.

103 607 229 641 Plures
252 606 358 652 hujus
381 608 641 654 appellationis
665 609 828 644 rationes
846 609 959 645 habet
973 609 1121 654 Suidas,
1145 612 1182 645 in
1206 619 1356 662 Κέχρωψ;
1381 616 1478 650 seda

103 678 185 701 mea
199 668 355 702 multum
373 668 451 702 aliae
465 675 561 703 sunt.
583 670 602 704 J
606 681 685 704 esus
695 696 704 712 ,
717 670 879 704 salvator
891 676 1036 714 noster,
1050 670 1184 705 dicitur
1197 684 1345 719 quoque
1354 676 1478 724 ἃιφυ-ής,

105 727 197 762 sicut
218 728 333 763 homo
363 736 399 764 et
426 731 544 774 Deus,
572 730 664 764 sicut
685 729 781 764 filius
805 731 969 765 hominis
995 739 1030 766 et
1051 730 1147 767 filius
1169 733 1239 767 Dei
1263 746 1270 767 :
1298 741 1403 769 natus
1429 744 1480 770 est

106 788 204 822 enim
226 789 294 823 sub
319 788 427 836 signo
446 790 636 834 Hominis,
656 798 691 825 et
704 792 804 825 Deus
823 791 937 826 factus
958 800 1012 827 est
1031 799 1116 840 post
1137 794 1402 830 ascensionem.

157 851 240 885 Cap.
269 851 337 886 IX.
369 851 564 899 Cynaegiri.
586 853 642 886 De
662 865 737 899 quo
751 879 760 896 ,
786 859 919 900 praeter
942 854 1194 899 Herodotum,
1221 869 1279 900 Vl,
1301 862 1389 901 114,
1403 858 1479 892 Va—

106 911 236 955 lerius,
261 924 335 955 111,
363 923 406 955 2,
428 919 464 946 et
482 912 715 957 Ammianus,
736 926 852 958 xnv,
876 913 943 958 23,
967 915 1029 961 qui
1054 928 1135 950 eum
1159 923 1194 951 et
1219 917 1480 953 Callimachum

105 979 214 1007 vocat
236 973 464 1008 Medicorum
484 973 660 1009 bellorum
667 974 851 1019 fulmina.
867 976 1100 1023 Cynaegirum
1122 977 1286 1013 imitatus
1310 986 1363 1013 est
1390 979 1482 1015 Aci-

107 1033 178 1067 lius
190 1059 200 1076 ,
218 1033 257 1067 in
278 1034 403 1069 navali
422 1045 548 1081 pugna
569 1035 618 1070 ad
630 1036 849 1080 Massiliam,
872 1043 963 1071 teste
982 1038 1162 1073 Suetonio
1174 1065 1183 1082 ,
1206 1038 1297 1073 Coes.
1307 1066 1318 1082 ,
1335 1052 1460 1074 vanl
1473 1067 1482 1083 ,

107 1107 140 1141 9.
164 1094 237 1129 Sed
259 1094 441 1142 Cynaegiri
459 1096 614 1131 historia
639 1096 802 1132 fabulam
827 1097 972 1133 redolet
993 1111 1001 1132 :
1024 1111 1150 1133 morsu
1168 1112 1299 1135 navem
1323 1101 1482 1146 detinet,

108 1154 198 1189 sicut
212 1154 329 1199 canis,
344 1163 379 1191 et
397 1169 535 1192 nomen
560 1157 637 1203 ejus
656 1170 674 1192 a
701 1164 779 1196 κύων
792 1190 799 1203 ,
825 1158 943 1202 canis,
962 1166 997 1193 et
1020 1166 1130 1209 αῑγῑζω
1142 1192 1150 1205 ‚
1177 1160 1356 1207 dilacero,
1373 1163 1482 1197 Canis

107 1217 330 1262 dilacerans,
341 1217 381 1252 id
389 1225 453 1262 est,
463 1220 604 1266 Vesper
614 1219 683 1253 sub
701 1219 807 1266 signo
822 1219 1006 1254 solstitiali
1020 1220 1147 1265 Canis,
1162 1221 1224 1268 qui
1246 1222 1333 1256 solis
1350 1234 1481 1257 navem

109 1279 261 1322 detinet,
271 1279 397 1314 oritur.
410 1281 503 1314 Item
512 1279 768 1324 Callimachus,
777 1291 892 1326 graece
900 1286 1117 1330 Καλλίμαχος,
1127 1289 1179 1316 est
1187 1289 1371 1329 pugnator
1382 1294 1483 1330 egre-

110 1339 207 1385 gius,
227 1340 462 1386 proindeque
480 1341 556 1374 haec
576 1341 650 1375 duo
664 1340 835 1384 nomina,
849 1341 940 1375 sicut
957 1342 1063 1387 plura
1075 1342 1145 1376 alia
1157 1369 1166 1386 ,
1180 1355 1249 1388 pro
1261 1343 1385 1377 fabula
1402 1356 1483 1390 my-r-

110 1400 205 1435 thica
232 1400 384 1435 inventa
405 1407 514 1444 sunt,
540 1408 575 1435 et
605 1401 680 1435 haec
702 1401 826 1435 fabula
859 1401 1032 1448 deinceps
1068 1414 1137 1448 pro
1165 1402 1317 1437 historia
1344 1404 1482 1439 habita.

113 1462 333 1509 Cynoegz'rus
351 1461 466 1509 igitur
486 1462 586 1497 idem
601 1470 654 1497 est
674 1475 715 1498 ac
735 1463 889 1497 latrator
910 1463 1054 1497 Anubis
1069 1470 1103 1497 et
1118 1463 1403 1511 Cynocephalus.

161 1523 243 1557 CAP.
264 1523 308 1557 X.
338 1525 562 1558 Arcemenes.
583 1524 801 1566 Plutarcho,
824 1523 863 1558 in
893 1524 1299 1570 Apophthegmatibus‚
1325 1532 1360 1559 et
1387 1526 1485 1561 libro

109 1586 167 1619 De
203 1596 329 1618 amore
348 1583 546 1629 fraterno,
585 1591 638 1618 est
665 1584 860 1634 Ᾰριαμένης;
892 1592 927 1619 et
960 1584 1011 1619 sic
1040 1585 1079 1618 in
1101 1597 1183 1619 mss.
1211 1586 1482 1632 Justini‚juxta

112 1654 136 1678 v
146 1645 292 1680 ossium.
313 1645 546 1689 Herodotus,
570 1657 650 1689 vn,
670 1657 709 1688 2,
729 1645 1005 1680 Artabazanem
1023 1653 1150 1690 vocat,
1170 1653 1205 1680 et
1223 1646 1318 1681 hanc
1337 1654 1485 1682 contro-

111 1706 269 1741 versiam
295 1705 382 1740 vivo
408 1712 512 1752 patre
534 1713 698 1748 motam,
725 1713 759 1740 et
785 1706 832 1741 ab
859 1706 941 1752 ipso
965 1707 1079 1741 Dario
1103 1706 1304 1752 judicatam
1330 1720 1406 1742 esse
1424 1720 1482 1743 re-

111 1768 191 1801 fert.
219 1766 322 1802 Idem
347 1767 459 1813 paulo
479 1774 563 1813 post
582 1767 845 1801 Aclzoemenem
869 1768 1037 1802 nominat
1061 1768 1165 1802 Darii
1189 1766 1323 1812 filium,
1349 1768 1484 1804 Xerxis

111 1827 270 1862 fratrem.
300 1828 534 1872 Plutarchus,
568 1829 606 1862 ire
633 1831 866 1870 Artaxerxe,
897 1840 976 1875 cap.
1014 1840 1052 1871 2,
1081 1829 1128 1863 ab
1159 1829 1286 1863 Arsica
1322 1841 1383 1864 seu
1417 1832 1486 1864 Ar—

112 1902 210 1933 sace,
230 1888 292 1935 qui
310 1896 439 1936 postea
453 1892 673 1924 Artaxerxes
695 1896 730 1924 et
752 1891 934 1924 Mnemon
948 1889 1065 1924 dictus
1085 1896 1138 1924 est
1162 1890 1220 1924 vel
1239 1891 1484 1936 cognomina-

112 1958 182 1993 tus,
198 1957 233 1985 et
244 1949 528 1998 Cyr0,eamdem
538 1950 777 1997 quaestionem
789 1958 1007 1985 renovatam
1021 1950 1166 1993 scribit,
1178 1957 1213 1984 et
1224 1951 1327 1985 Darii
1336 1958 1486 1986 contra—

111 2012 205 2046 riam
222 2011 308 2046 huic
327 2012 547 2047 sententiam
559 2018 838 2046 commemorat.
854 2014 1067 2046 Aroemenes
1080 2023 1217 2045 nomen
1231 2011 1323 2045 mihi
1342 2012 1488 2046 videtur

113 2085 156 2108 ex
174 2078 290 2123 άρτάς,
310 2085 464 2120 magnus
477 2099 486 2116 ‚
500 2079 535 2107 et
554 2079 658 2122 μένος,
672 2072 814 2107 animus
824 2099 833 2116 ,
853 2072 1101 2119 compositum
1111 2099 1120 2115 ,
1133 2070 1388 2118 significatque
1402 2073 1488 2105 Ma-

110 2133 328 2180 gnanimus,
350 2140 385 2167 et
405 2136 654 2175 Artaxerxes,
669 2134 811 2167 Xerxes
824 2134 1000 2179 Magnus,
1019 2133 1109 2168 sicut
1125 2133 1201 2178 jam
1221 2133 1299 2167 dixi
1318 2133 1487 2167 animad-

114 2193 349 2228 versionibus
368 2193 459 2227 meis
481 2193 528 2228 ad
552 2193 769 2227 Cornelium
787 2194 984 2239 Nepotem.
1009 2193 1209 2239 Hesychius
1230 2193 1327 2227 enim
1348 2200 1383 2227 et
1402 2194 1487 2227 Ste-

115 2256 275 2302 phanus,
295 2255 341 2289 de
359 2255 513 2288 Urbibus
526 2281 538 2296 ,
561 2254 693 2304 Ᾱρταῖςι
712 2254 830 2288 Persis
853 2254 985 2288 heroes
1007 2266 1083 2289 esse
1106 2260 1304 2297 testantur3
1325 2261 1360 2288 et
1378 2258 1489 2303 ἁρτάς,

114 2327 287 2362 magnus,
310 2316 444 2358 clarus,
468 2314 695 2362 splendidus.
721 2314 877 2348 Videtur
895 2321 979 2360 post
1003 2315 1137 2361 Cyrum
1168 2327 1305 2348 nomen
1341 2314 1488 2361 gentili-

116 2377 207 2410 tium
232 2375 341 2410 fuisse
365 2377 558 2411 Persarum
590 2375 739 2422 regibus
764 2380 873 2425 Ξέρξης
897 2382 933 2410 et
963 2374 1175 2425 Ᾰρταξέρξης,
1197 2382 1330 2422 praeter
1352 2387 1488 2409 nomen

119 2436 219 2484 quod
247 2436 437 2470 habebant
455 2443 540 2470 ante
568 2435 775 2482 imperium.
798 2436 937 2470 Omnes
966 2448 1091 2482 reges,
1110 2443 1194 2482 post
1222 2436 1326 2470 illum
1341 2463 1350 2479 ,
1373 2436 1490 2470 dictos

120 2501 338 2532 Artaxerxas
358 2496 408 2531 ait
425 2497 614 2531 Diodorus
637 2497 798 2539 Siculus,
827 2509 886 2531 xv.
915 2497 1034 2531 Etiam
1054 2497 1185 2531 Darius
1209 2497 1256 2531 ab
1281 2497 1490 2531 Alexandro

119 2560 234 2593 victus
258 2558 392 2592 dicitur
411 2559 655 2600 Artaxerxes,
678 2557 858 2592 Iachiadae
881 2558 927 2592 ad
949 2558 1164 2599 Danielem,
1187 2571 1267 2599 ΧΠ,
1287 2571 1320 2592 v.
1344 2557 1375 2591 5.
1404 2558 1492 2590 Vide

120 2632 218 2655 meas
242 2626 348 2653 notas
367 2618 414 2653 ad
436 2619 474 2653 C.
497 2620 696 2665 Nepotem,
721 2618 759 2652 in
779 2619 922 2664 Regum
950 2618 1042 2653 vitas
1057 2646 1066 2662 ,
1096 2631 1124 2653 c.
1159 2631 1188 2652 1.

173 2679 455 2727 Artaphernem.
483 2680 536 2713 Ita
564 2692 608 2713 ex
635 2679 830 2714 Herodoto
857 2680 1067 2714 emendavit
1088 2679 1329 2726 Bongarsius3
1355 2686 1489 2713 vetere»
