1783 3282
364 286 551 320 JUSTINI
579 286 923 321 HISTORIARUM
953 290 1038 323 LlB.
1067 291 1148 325 xli.
1372 306 1441 340 ¹09

80 369 248 412 tei-dum
277 368 457 428 fugaret.
489 368 556 411 Ad
581 378 867 428 postremum,
891 371 968 412 etsi
997 388 1020 412 a
1048 372 1327 417 multitudine
1356 377 1441 419 vic-

81 457 165 501 tus,
185 446 322 507 gloria
349 456 493 489 tamen
516 463 666 490 omnes
688 447 805 490 vicit.

139 528 192 568 Π.
219 527 356 568 Porro
392 525 657 579 Alexander,
692 542 767 568 rex
791 527 932 585 Epiri,
959 527 1003 568 in
1030 526 1199 569 Italiam
1223 545 1246 571 a
1279 533 1440 575 Taren-

77 605 198 657 tinis,
213 603 371 647 auxilia
385 604 588 647 adversus
608 605 780 647 Brutios
800 604 1153 664 deprecantibus,
1169 606 1440 666 sollicitatus,

76 685 135 726 ita
158 683 314 743 cupide
336 683 554 743 profectus
574 683 736 738 fuerat,
759 683 892 727 veluti
918 685 961 726 in
987 684 1198 728 divisione
1217 686 1333 729 orbis
1357 698 1440 731 ter-

76 779 246 816 rarum,
269 761 531 813 Alexandro,
548 761 821 821 Olympiadis
838 763 997 806 sororis
1021 780 1106 806 suae
1131 763 1240 819 filio,
1264 767 1441 821 Oriens,

77 843 156 884 sibi
197 842 410 885 Occidens
451 851 565 884 sorte
605 841 885 900 contigisset3
919 858 1006 884 non
1044 844 1257 886 minorem
1295 861 1441 888 rerum

75 921 302 963 materiam
318 920 362 962 in
385 918 533 974 Italia,
557 919 722 975 Africa,
747 919 1001 979 Siciliaque,
1021 938 1151 980 quam
1169 921 1299 965 illein
1321 925 1441 980 Asia,

76 1008 117 1041 et
159 999 201 1041 in
241 999 380 1041 Persis
423 999 663 1042 habiturus.
706 1002 803 1042 Huc
848 999 1098 1053 accedebat,
1141 1000 1255 1060 quod
1271 1035 1282 1055 ,
1332 1002 1441 1046 sicut

75 1077 321 1121 Alexandro
346 1079 509 1136 Magno
535 1076 734 1137 delphica
769 1077 945 1121 oracula
974 1079 1149 1122 insidias
1172 1081 1214 1122 in
1240 1081 1442 1124 Macedo-

77 1157 149 1198 nia
164 1190 175 1207 ,
198 1158 256 1199 ita
274 1157 375 1199 huic
395 1172 652 1216 responsum
670 1156 880 1199 Dodonaei
898 1158 1016 1200 Jovis
1037 1159 1149 1202 circa
1165 1160 1317 1203 urbem
1333 1163 1439 1204 Pan-

78 1233 261 1288 dosiam,
287 1251 547 1293 amnemque
574 1235 863 1278 Acherusium
896 1234 1165 1294 praedixerat.
1196 1238 1303 1292 Quae
1327 1247 1442 1280 utra-

78 1330 161 1372 que
192 1330 327 1372 quum
359 1314 403 1355 in
430 1314 564 1372 Epiro
600 1323 759 1367 essent,
792 1314 969 1372 ignarus
999 1314 1148 1356 eadem
1179 1325 1221 1357 et
1250 1317 1293 1358 in
1319 1315 1442 1359 Italia

78 1408 186 1446 esse,
211 1391 265 1434 ad
287 1390 547 1434 declinanda
574 1391 761 1434 fatorum
790 1391 1004 1450 pericula,
1030 1395 1304 1453 peregrinam
1330 1394 1444 1437 mili-

78 1473 182 1514 tiam
200 1470 399 1530 cupidius
416 1469 616 1530 elegerat.
636 1471 797 1530 Igitur,
813 1487 950 1529 quum
974 1472 1017 1514 in
1042 1472 1211 1516 Italiam
1239 1475 1444 1528 venisset,

78 1551 269 1609 primum
298 1549 360 1592 illi
393 1548 557 1592 bellum
586 1565 685 1592 cum
714 1549 867 1609 Apulis
899 1550 979 1592 fuit
1011 1568 1018 1592 :
1050 1568 1238 1610 quorum
1269 1554 1446 1612 cognito

79 1629 197 1671 urbis
222 1628 329 1681 fato,
353 1629 474 1671 brevi
502 1638 597 1687 post
626 1638 820 1688 tempore
850 1646 1001 1689 pacem
1027 1640 1068 1673 et
1093 1631 1325 1676 amicitiam
1346 1648 1444 1675 cum

79 1724 179 1767 rege
199 1723 349 1750 eorum
369 1707 481 1749 fecit,
508 1709 613 1749 Erat
634 1724 820 1766 namque
842 1717 945 1751 tunc
974 1711 1182 1768 temporis
1204 1710 1306 1752 urbs
1324 1713 1446 1770 Apu-

81 1786 131 1828 lis
167 1786 470 1839 Brundisium,
508 1802 638 1844 quam
670 1786 820 1841 AEtoli,
852 1789 987 1830 secuti
1026 1788 1193 1831 dudum
1225 1789 1339 1832 fama
1382 1806 1447 1832 re-

81 1881 177 1908 rum
201 1865 245 1906 in
260 1865 390 1923 Troja
410 1873 626 1923 gestarum
648 1863 934 1908 clarissimum
956 1882 1005 1908 ac
1033 1866 1349 1910 nobilissimum
1371 1868 1449 1910 du-

81 1960 174 1987 cem
191 1943 470 1996 Diomedem,
493 1943 781 1986 condiderant
802 1961 810 1986 :
837 1944 911 1986 sed
933 1943 1046 2003 pulsi
1067 1945 1119 1987 ab
1146 1945 1322 2005 Apulis,
1348 1963 1451 1989 con-

82 2022 271 2066 sulentes
291 2020 488 2075 oracula,
509 2037 765 2081 responsum
787 2033 1068 2082 acceperant,
1084 2025 1299 2079 «Locum,
1320 2041 1448 2083 quem

83 2102 361 2160 repetissent,
386 2110 597 2161 perpetuo
616 2116 898 2160 possessuros.
914 2121 934 2141 »
962 2105 1052 2144 Hac
1079 2103 1212 2162 igitur
1235 2120 1285 2145 ex
1308 2120 1450 2155 causa,

86 2197 162 2240 per
198 2179 359 2240 legatos
402 2196 499 2222 cum
540 2178 641 2221 belli
680 2179 1041 2235 comminatione,
1082 2182 1249 2224 restitui
1285 2182 1364 2225 sibi
1399 2183 1451 2225 ab

85 2258 236 2318 Apulis
265 2259 414 2301 urbem
446 2257 788 2317 postulaverant.
823 2259 908 2301 Sed
937 2259 1010 2301 ubi
1040 2259 1196 2319 Apulis
1224 2261 1450 2304 oraculum

87 2338 296 2392 innotuit,
324 2337 572 2380 interfectos
596 2337 758 2397 legatos
783 2339 826 2380 in
856 2338 963 2380 urbe
989 2338 1274 2398 sepelierunt,
1300 2357 1452 2400 perpe-

89 2428 205 2460 tuam
229 2416 287 2458 ibi
310 2415 454 2458 sedem
483 2417 721 2459 habituros.
750 2419 893 2476 Atque
922 2419 982 2460 ita
1008 2417 1201 2462 defuncti
1223 2435 1454 2480 responso,

88 2496 160 2538 diu
186 2496 335 2537 urbem
361 2494 660 2554 possederunt.
680 2495 813 2553 Quod
839 2496 1001 2540 factum
1026 2514 1161 2556 quum
1183 2501 1456 2559 cognovisset,

91 2573 354 2627 Alexander,
378 2574 647 2632 antiquitatis
676 2574 760 2616 fata
787 2585 1035 2629 veneratus,
1062 2576 1176 2620 bello
1209 2577 1453 2637 Apulorum

91 2654 313 2697 abstinuit.
357 2653 499 2695 Gessit
545 2662 586 2695 et
629 2669 726 2694 cum
763 2655 923 2696 Brutiis
966 2658 1240 2716 Lucanisque
1276 2656 1456 2712 bellumj,
