1783 3282
574 272 762 308 LIBRUM
791 276 930 310 XVIII.
1370 295 1436 318 221

67 358 164 402 doti,
179 359 305 404 juncta
325 356 409 402 fuit,
429 364 465 392 et
475 364 633 392 mortem
647 370 759 405 super
777 370 872 405 rogo
891 359 962 393 sibi
977 363 1174 407 conscivit,
1187 376 1325 400 nomen
1339 378 1442 401 suuni

68 427 172 453 nacta
192 426 244 454 est
263 431 283 454 a
298 421 388 463 δαῖς,
411 421 541 465 δαίδος,
561 419 669 461 taeda,
691 421 870 465 δαίωμιιτ)
884 446 893 463 ,
911 420 1046 465 arde0;
1066 424 1194 459 eadem
1205 432 1258 460 est
1278 426 1389 473 igitur
1403 440 1443 462 ac

67 481 177 514 Ceres
206 483 387 530 Δᾳὸοῠχος,
407 493 469 514 seu
497 480 672 515 taedifera.

122 541 287 575 Acer-bae.
310 541 384 585 Qui
408 548 443 575 et
466 541 634 575 Siclzoeus
655 541 838 588 Virgilio,
866 555 923 587 lv,
944 555 990 578 20
1012 557 1018 576 :

300 634 380 665 Huic
399 634 511 675 conjux
529 633 668 664 Siclzaeus
686 640 749 665 erat
762 658 770 671 ‚
788 634 956 666 ditissimus
969 636 1033 676 agri

301 689 490 720 Phoenicum.

68 782 216 826 Servio,
237 782 345 828 hujus
365 782 667 824 commentatori‚
688 782 910 825 sicharbas,
933 783 1032 818 unde
1055 784 1147 819 illud
1167 797 1305 820 nomen
1325 798 1370 821 ex
1389 786 1445 821 Si-

67 843 193 877 choeus
215 850 251 878 et
278 844 441 878 Acerbas
466 843 557 877 mihi
584 843 732 878 videtur
758 855 835 878 esse
862 844 1111 891 compositum
1137 853 1173 880 et
1204 853 1444 883 contractum.

71 904 237 939 Sichoeus
251 904 341 938 oriri
354 911 477 950 potest
496 916 515 938 a
531 910 609 949 σιός,
628 904 754 939 dorice
768 916 838 951 pro
848 911 928 951 θεός,
942 905 1049 950 deus,
1064 913 1098 940 et
1108 913 1197 956 χαιός
1207 940 1214 953 ,
1228 908 1366 953 bonus,
1379 908 1402 943 i.
1415 921 1445 943 e.

67 965 190 1015 Ᾰ-γαθὸς
207 967 352 1015 δαίμων,
371 965 491 999 bonus
514 965 662 1012 genius3
681 966 740 1000 vel
764 978 783 1000 a
801 973 901 1015 χεῖος,
924 967 1121 1013 prodigus,
1136 975 1197 1002 aut
1215 968 1339 1015 potius
1361 976 1449 1020 γαῖος

69 1025 190 1074 (unde
226 1025 358 1075 Caius)
370 1052 381 1068 ‚
408 1026 610 1070 terrestris,
630 1026 702 1061 hoc
720 1034 773 1061 est
791 1033 909 1076 χθόνιος
926 1034 1005 1074 θεός
1023 1029 1258 1076 proindeque
1285 1030 1384 1065 idem
1407 1043 1448 1065 ac

67 1087 134 1121 Dis
154 1087 213 1121 vel
236 1088 342 1122 Pluto
363 1095 426 1122 aut
444 1088 587 1132 Plutus;
616 1088 786 1122 Acerbas
813 1096 935 1124 autem
962 1090 1174 1134 metathesi,
1193 1091 1253 1125 vel
1279 1091 1327 1126 ab
1354 1097 1448 1142 ἄχρη-

69 1151 140 1194 GM,
163 1148 450 1194 valdejuveniS,
477 1156 537 1183 aut
555 1149 710 1193 rectius,
731 1149 781 1184 ob
805 1161 894 1196 opes
914 1162 1005 1197 quas
1025 1159 1277 1197 congesserat,
1297 1153 1344 1186 ab
1359 1159 1449 1202 ἀκρι-

69 1213 140 1255 6ής,
161 1222 311 1257 parcus,
332 1214 478 1261 ἀκρίὲεια
492 1242 500 1256 ,
527 1210 776 1257 parcimonia,
800 1214 962 1261 ἀχριὲάζω
976 1242 985 1257 ‚
1008 1211 1207 1259 diligenter
1225 1212 1375 1259 indago.

123 1272 314 1306 Generum.
336 1272 380 1306 Id
404 1279 458 1306 est
477 1272 617 1308 sororis
639 1273 832 1317 maritum,
855 1280 894 1307 ut
923 1285 969 1307 ex
995 1273 1192 1320 Sophoclis
1211 1274 1365 1321 OEdipo
1393 1282 1449 1322 ty-

69 1345 208 1376 ranno,
236 1340 272 1367 et
299 1333 337 1368 C.
355 1333 512 1380 Nepotis
532 1333 731 1377 Pausania,
750 1333 897 1368 notavit
916 1333 1100 1379 Cujacius,
1129 1334 1208 1369 obs.
1230 1334 1272 1378 6,
1301 1347 1356 1379 17.
1371 1337 1449 1370 Ge—

68 1406 153 1436 ner,
173 1394 243 1436 nit,
264 1394 466 1441 aliquando
491 1394 550 1428 vir
570 1394 709 1429 sororis
730 1394 876 1429 dicitur.
892 1394 949 1429 Ita
973 1394 1164 1441 Pygmalio
1183 1395 1314 1430 Siehaei
1338 1407 1451 1443 gener

68 1463 239 1500 vocatur,
274 1456 331 1491 cui
355 1463 530 1503 nupserat
557 1456 688 1492 Sichaei
718 1468 826 1491 soror
847 1455 957 1491 Elisa.
983 1456 1176 1491 Immerito
1210 1457 1323 1504 igitur
1355 1457 1451 1492 Cor—

67 1517 177 1552 radus
199 1519 323 1553 loeum
349 1525 563 1565 corruptum
581 1525 696 1565 putat.

122 1580 204 1614 Cn.
224 1581 268 1613 V.
291 1581 438 1626 Byrsoe.
464 1581 628 1626 Byrsam
648 1579 700 1614 ait
724 1579 878 1623 Strabo,
904 1579 969 1614 lib.
994 1592 1103 1623 xvn,
1130 1591 1249 1614 arcem
1277 1580 1389 1615 fuisse
1415 1581 1452 1614 in

70 1641 191 1675 media
212 1641 303 1676 urbe
323 1641 564 1689 Carthagine,
586 1643 670 1676 loco
695 1641 814 1686 edito,
834 1641 874 1675 in
893 1642 995 1688 cujus
1018 1642 1156 1677 vertice
1169 1643 1350 1689 templum
1369 1644 1453 1679 AEs—

70 1702 205 1749 culapii
225 1703 353 1747 fuerit,
377 1703 479 1751 quod
498 1703 719 1738 Asdrubalis
738 1715 848 1747 uxor,
873 1703 967 1738 urbe
992 1710 1115 1750 capta,
1148 1716 1270 1739 secum
1296 1716 1451 1739 concre—

70 1765 190 1799 marit.
226 1765 344 1811 Hujus
379 1765 471 1800 arcis
502 1778 642 1801 nomen
673 1772 727 1800 est
753 1777 830 1799 vox
856 1776 973 1812 graeca
1006 1771 1127 1815 βύρσα,
1147 1765 1308 1810 corium,
1326 1766 1454 1812 pellis,

71 1833 213 1872 tergus,
236 1826 336 1861 unde
366 1827 506 1861 Latinis
536 1827 667 1869 bursa,
699 1839 896 1870 crumena3
927 1826 977 1860 ita
998 1826 1097 1860 dicta
1120 1833 1174 1861 est
1197 1826 1330 1873 igitur,
1353 1827 1455 1873 quod

70 1887 140 1921 sub
168 1887 276 1934 signo
292 1888 387 1922 tauri
402 1888 553 1924 condita
586 1888 652 1931 sit,
673 1895 708 1922 et
733 1888 784 1922 ob
808 1888 959 1922 bursam
982 1887 1180 1931 Mercurii,
1206 1900 1317 1934 quem
1353 1888 1456 1923 Poeni

71 1948 244 1984 colebant
258 1976 268 1992 ‚
289 1956 324 1984 et
348 1950 410 1996 qui
432 1948 589 1992 Bacchi,
609 1949 725 1983 Tauri
747 1948 855 1992 dicti,
882 1956 988 1996 pater
1011 1948 1187 1983 nutritius
1205 1948 1425 1984 habebatur.

129 2009 332 2058 Carthago.
361 2010 453 2044 Vide
466 2017 544 2044 not.
560 2009 826 2056 Bucephaletz,
846 2008 912 2043 lib.
933 2022 991 2043 ΧΠ
1006 2036 1015 2053 ,
1039 2021 1118 2056 cap.
1141 2008 1174 2043 8.

124 2072 207 2106 CAP.
226 2072 290 2105 VI.
317 2072 611 2105 Maxitanorum.
631 2072 730 2105 Vett.
753 2070 905 2117 quidam
927 2071 1230 2112 Muoeimnorum,
1254 2071 1318 2105 sed
1342 2072 1456 2115 male,

72 2134 185 2180 vulgo
211 2132 522 2165 Il‘Iawz'tmzorum.
546 2130 759 2165 Eustathius
787 2129 843 2178 (in
862 2130 1039 2180 Dionys.)
1059 2131 1240 2165 Hiarbam
1260 2143 1385 2178 regem
1404 2132 1457 2167 fa-

73 2194 122 2229 cit
141 2193 339 2228 Mazicum.
364 2192 480 2239 Apud
500 2193 747 2238 Stephanum,
770 2193 818 2226 de
844 2191 993 2225 Urbibus
1009 2204 1020 2224 :
1040 2192 1199 2238 flIazyes
1221 2200 1307 2226 sunt
1326 2193 1456 2240 Lz'byoe

73 2255 275 2290 Nomades.
301 2254 393 2288 Sunt
419 2260 543 2287 autem
569 2261 604 2287 et
637 2254 707 2287 alii
732 2254 909 2297 Maxyes.
940 2261 974 2287 et
999 2253 1070 2286 alii
1089 2253 1296 2288 stIachmes.
1324 2255 1458 2301 Alazy-

74 2329 153 2359 zac,
178 2314 311 2350 rectius
334 2315 536 2360 Mazyces,
560 2314 720 2361 Libycos
740 2315 918 2360 populos,
937 2314 1051 2348 habet
1071 2313 1182 2347 etiam
1210 2315 1333 2349 Amm.
1356 2317 1459 2349 Mar—

73 2377 245 2420 cellinus,
266 2376 330 2410 lib.
352 2388 466 2418 xxxx,
489 2387 568 2422 cap.
586 2373 633 2409 25
656 2382 692 2409 et
713 2387 759 2419 27
774 2402 783 2418 ‚
805 2382 840 2409 et
856 2374 1004 2419 fundus
1026 2375 1279 2418 Mazucanus,
1310 2383 1459 2410 auctore

73 2440 126 2473 (11.
151 2437 360 2480 D’Anville,
389 2443 506 2471 exstat
531 2436 651 2471 adhuc
669 2436 709 2470 in
730 2437 910 2472 Mazuna.
939 2435 1161 2482 Legendum
1184 2436 1298 2483 igitur
1317 2438 1460 2483 Μαι]-

72 2513 265 2542 canorum,
291 2512 312 2534 a
331 2499 549 2544 Mazycum,
576 2499 736 2544 Mazyes
764 2505 800 2533 et
826 2499 1071 2534 Mazucanus.
1098 2496 1201 2531 Nihil
1224 2505 1344 2532 autem
1371 2511 1457 2533 mu-

73 2562 249 2604 tandum3
269 2561 555 2595 Maxz'tanorum
577 2560 676 2595 enim
695 2572 716 2595 a
744 2561 911 2606 Maxyes
936 2559 1099 2595 derivari
1129 2566 1270 2606 potest,
1299 2559 1460 2606 itemque

76 2636 95 2658 a
118 2624 286 2669 Mazyes.

130 2686 304 2719 Homines
333 2692 369 2718 ut
389 2685 571 2718 victimas.
603 2683 715 2727 Quod
739 2683 816 2729 jam
837 2684 1030 2727 omissum,
1057 2697 1144 2719 mox
1165 2685 1211 2718 ab
1233 2683 1302 2717 illis
1326 2694 1458 2728 recep-
