1783 3282
484 275 826 310 HISTORIARUM
857 276 944 309 LIB.
970 277 1052 310 XII.
1389 291 1453 313 121

88 360 245 403 omissa
276 357 533 418 Babylonia,
568 359 612 400 in
642 360 898 417 Borsippam
929 360 1081 402 urbem
1116 371 1234 406 trans
1257 363 1457 422 Euphra-

91 446 196 494 tem,
224 437 437 480 desertam
465 436 588 489 olim,
624 437 848 482 concessit.
875 437 943 480 Ibi
983 437 1035 479 ab
1072 441 1332 483 Anaxarcho
1361 442 1457 500 phi-

91 515 275 576 losopho
302 514 552 576 compulsus
582 526 646 559 est
669 532 843 559 rursum
871 517 1104 575 Magorum
1132 516 1335 574 praedicta
1363 536 1460 562 con-

89 604 306 650 temnere,
337 604 384 638 ut
409 594 514 638 falsa
538 607 581 639 et
604 596 796 650 incerta3
821 604 862 638 et
889 595 923 638 si
949 594 1047 637 fatis
1072 604 1289 647 constent,
1313 598 1460 656 ignota

89 672 367 728 mortalibus,
396 684 439 718 at
478 675 511 717 si
546 684 714 717 naturae
741 674 1006 729 debeantur,
1042 673 1344 717 immutabilia.
1374 678 1460 719 Re-

88 770 235 797 versus
267 755 401 814 igitur
424 753 730 813 Babyloniam,
753 753 901 796 multis
933 752 1084 797 diebus
1113 754 1204 796 otio
1235 753 1368 808 datis,
1399 755 1463 806 in-

89 833 336 876 termissum
371 832 476 876 olim
512 833 763 876 convivium
797 832 1037 875 solenniter
1067 833 1260 875 instituit
1289 850 1296 875 :
1326 841 1463 876 totus-

88 927 173 971 que
204 912 249 954 in
287 911 479 955 laetitiam
514 911 696 967 effusus,
720 928 856 971 quum
887 911 971 954 diei
1002 921 1175 955 noctem
1208 911 1463 972 pervigilem

90 991 326 1050 junxisset,
351 990 627 1034 recedentem
639 991 730 1050 jam
754 1008 776 1033 e
794 991 998 1034 convivio
1023 990 1196 1034 Medius
1217 990 1463 1045 Thessalus,

90 1070 331 1114 instaurata
356 1071 690 1125 comessatione,
721 1080 762 1113 et
790 1071 932 1131 ipsum
963 1080 1004 1113 et
1039 1070 1207 1113 sodales
1236 1073 1327 1131 ejus
1352 1072 1465 1113 invi-

93 1159 166 1192 tat.
198 1151 392 1209 Accepto
421 1149 602 1210 poculo,
628 1149 771 1192 media
804 1151 983 1209 potione
1013 1159 1192 1209 repente
1218 1149 1354 1193 veluti
1378 1149 1465 1193 telo

90 1228 308 1282 confixus,
347 1229 561 1289 ingemuit
589 1246 596 1271 τ
632 1228 858 1287 elatusque
892 1245 914 1271 e
943 1229 1146 1271 convivio
1181 1230 1465 1284 semianimis,

92 1317 212 1351 tanto
237 1306 387 1350 dolore
414 1308 632 1351 cruciatus
655 1317 739 1363 est,
763 1317 812 1349 ut
839 1307 1003 1350 ferrum
1032 1309 1076 1350 in
1107 1308 1298 1351 remedia
1320 1325 1460 1368 posce-

91 1395 174 1441 ret,
217 1396 468 1446 tactumque
508 1386 738 1429 hominum
776 1385 896 1429 velut
935 1385 1116 1429 vulnera
1166 1386 1465 1431 indolesceret.

90 1465 230 1508 Amici
260 1482 434 1509 causam
460 1466 604 1508 morbi
632 1466 937 1526 intemperiem
966 1466 1185 1509 ebrietatis
1210 1466 1466 1510 dissemina-

93 1554 249 1588 verunt
288 1562 296 1588 :
324 1562 369 1588 re
405 1555 548 1588 autem
581 1562 682 1588 vera
715 1545 880 1588 insidiae
912 1545 1109 1601 fuerunt,
1139 1562 1324 1604 quarum
1358 1546 1463 1589 infa-

92 1625 225 1667 miam
249 1641 546 1668 successorum
570 1625 768 1684 potentia
797 1625 1023 1684 oppressit.

155 1705 276 1747 XIV.
302 1706 466 1748 Auctor
492 1704 747 1746 insidiarum
772 1704 1002 1763 Antipater
1024 1703 1121 1759 fuit,
1142 1704 1216 1763 qui
1243 1721 1377 1763 quum
1404 1721 1463 1747 ca·

92 1785 286 1827 rissimos
300 1784 460 1826 amicos
473 1785 508 1843 ej
516 1800 564 1826 us
579 1783 829 1826 interfectos
844 1782 1033 1837 videret3
1048 1781 1344 1826 Alexandrum
1358 1785 1465 1842 Lyn-

95 1872 277 1917 cestam,
297 1879 509 1922 generum
529 1879 671 1917 suum,
687 1863 898 1916 occisum3
915 1878 957 1904 se
972 1862 1138 1922 magnis
1156 1862 1341 1904 rebusin
1352 1863 1467 1904 Grae-

94 1942 159 1984 cia
177 1942 326 2002 gestis,
342 1957 429 1984 non
448 1951 533 1984 tam
550 1951 723 2002 gratum
736 1941 853 2000 apud
871 1958 1040 1995 recem,
1056 1957 1187 2001 quani
1204 1940 1466 1983 invidiosum

921 1976 944 2002 z>

95 2037 205 2075 csse3
228 2037 252 2064 a
278 2030 414 2063 matre
438 2037 613 2080 quoque
639 2021 730 2080 ejus
756 2019 1019 2081 Olympiade
1043 2021 1173 2063 variis
1195 2036 1239 2063 se
1261 2020 1466 2062 crimina-

98 2101 288 2143 tionibus
311 2110 528 2143 vexatum.
553 2103 649 2143 Huc
675 2099 937 2143 accedebant
961 2109 1062 2143 ante
1082 2116 1243 2159 paucos
1262 2100 1351 2142 dies
1366 2117 1467 2159 sup-

98 2178 225 2238 plicia
252 2179 295 2222 in
326 2179 551 2239 praefectos
579 2178 849 2222 devictarum
875 2180 1105 2222 nationum
1131 2178 1367 2222 crudeliter
1391 2179 1467 2222 lia-

98 2257 276 2301 hita.Ex
301 2259 458 2318 quibus
484 2274 527 2302 se
550 2274 725 2319 quoque
753 2275 776 2301 a
804 2258 1064 2302 Macedonia
1098 2274 1186 2301 non
1211 2258 1266 2301 ad
1291 2259 1468 2301 societa-

100 2346 184 2380 tem
202 2336 386 2393 militiae,
407 2338 476 2381 sed
491 2337 542 2380 ad
559 2354 732 2398 poenam
750 2347 979 2381 evocatum
999 2338 1306 2380 arbitrabatur.
1328 2338 1469 2397 Igitur

98 2415 151 2458 ad
170 2415 474 2474 occupandum
485 2433 656 2476 regem,
675 2417 970 2461 Cassandrum
987 2415 1143 2471 filium,
1159 2416 1261 2459 dato
1282 2433 1467 2469 veneno,

97 2494 333 2549 subornat,
368 2495 442 2553 qui
477 2510 575 2537 cum
610 2496 838 2550 fratribus,
865 2495 1070 2556 Philippo
1103 2505 1144 2539 et
1177 2494 1309 2550 Iolla,
1342 2497 1469 2538 mini-

97 2583 234 2616 strare
264 2574 353 2632 rogi
384 2571 545 2616 solebat
571 2590 579 2615 :
611 2575 733 2633 cujus
757 2575 912 2617 veneni
939 2583 1059 2618 tanta
1085 2575 1149 2617 vis
1172 2574 1278 2628 fuit,
1307 2584 1353 2617 ut
1380 2591 1466 2616 non

96 2669 199 2708 aere,
226 2669 312 2695 non
343 2652 456 2695 ferro
473 2686 482 2701 ,
508 2669 594 2694 non
616 2662 724 2695 testa
746 2654 1071 2709 contineretur,
1096 2670 1174 2696 nec
1198 2652 1322 2695 aliter
1347 2653 1468 2707 ferri,
