1783 3282
348 294 362 317 1
376 294 387 316 1
398 294 417 316 2
936 283 955 316 J
958 281 1121 317 USTINI

345 366 490 424 pueris
524 373 711 418 statuta3
751 374 792 407 et
830 366 1114 408 instrumenta
1154 379 1376 406 armorum
1409 379 1711 422 equorumque

343 443 573 502 juvenibus
597 442 723 497 data3
746 452 788 485 et
812 444 1031 502 patribus,
1058 458 1138 500 pro
1167 457 1350 483 numero
1371 440 1584 495 filiorum,
1606 457 1713 500 prae·

343 523 428 565 mia
453 531 625 565 statuta.
653 523 698 565 Si
726 538 912 581 quorum
943 530 1087 580 patres
1117 519 1405 575 occidissent,
1428 520 1713 564 nihilominus

344 599 498 660 pupilli
537 600 749 660 stipendia
787 609 965 658 patrum
1006 598 1261 653 trahebant3
1303 614 1491 657 quorum
1527 599 1714 658 pueritia

345 682 455 723 inter
481 681 622 723 varias
648 679 962 738 expeditiones,
987 677 1143 720 militia
1165 686 1270 719 erat.
1296 678 1449 736 Itaque
1480 693 1503 719 a
1528 676 1712 736 parvula

343 768 466 802 aetate
494 757 698 818 periculis
724 756 1033 816 laboribusque
1048 755 1264 811 indurati,
1291 755 1476 798 invictus
1501 757 1714 798 exercitus

344 837 461 881 fuere
477 854 486 880 z
503 853 643 897 neque
667 846 807 880 castra
824 835 971 890 aliter,
990 851 1119 894 quarn
1134 835 1342 894 patriam,
1358 850 1499 894 neque
1519 851 1711 894 pugnam

342 916 458 959 aliud
500 932 713 974 unquam,
751 931 880 973 quam
918 914 1165 968 victoriam,
1200 913 1374 956 duxere.
1410 915 1512 956 Haec
1546 912 1713 956 soboles

342 1010 499 1038 nomen
523 993 678 1036 habuit
700 994 900 1053 Epigoni.
931 992 1102 1035 Parthis
1131 991 1287 1034 deinde
1320 991 1512 1046 domitis,
1536 992 1712 1051 praefec-

343 1083 406 1115 tus
421 1073 486 1115 his
503 1073 710 1115 statuitur
724 1087 774 1114 ex
790 1069 1008 1113 nobilibus
1028 1072 1259 1113 Persarum
1274 1070 1575 1129 Andragoras:
1594 1071 1710 1114 unde

341 1160 488 1209 postea
510 1151 725 1210 originem
747 1150 1011 1192 Parthorum
1035 1164 1158 1208 reges
1185 1148 1387 1191 habuere.

401 1232 454 1273 V.
484 1233 658 1273 Interea
682 1229 926 1273 Alexander
951 1245 1040 1271 non
1061 1229 1205 1288 regio,
1234 1227 1308 1270 sed
1334 1227 1482 1271 hostili
1506 1227 1606 1271 odio
1636 1245 1712 1271 sae-

342 1310 427 1352 vire
450 1310 495 1351 in
520 1325 618 1351 suos
649 1309 790 1368 coepit.
817 1308 1008 1351 Maxime
1037 1307 1370 1366 indignabatur,
1402 1308 1521 1367 carpi
1550 1324 1593 1350 se
1622 1324 1710 1350 ser-

342 1388 541 1431 monibus
565 1404 763 1440 suorum,
790 1385 981 1446 Philippi
1007 1386 1162 1446 patris,
1182 1387 1418 1445 patriaeque
1444 1402 1586 1429 mores
1611 1387 1710 1429 sub·
1759 1430 1762 1431 γ

340 1467 527 1510 vertisse.
552 1469 738 1525 Propter
760 1482 852 1524 quae
879 1466 1063 1508 crimina
1080 1465 1343 1508 Parmenion
1362 1481 1537 1524 quoque
1559 1481 1711 1520 senex,

340 1545 547 1605 [lignitate
577 1546 664 1605 regi
700 1545 923 1604 proximus
940 1578 950 1598 ,
980 1561 1078 1587 cum
1105 1543 1277 1587 Philota
1303 1543 1414 1599 filio,
1442 1543 1495 1586 de
1520 1554 1710 1604 utroque

337 1624 453 1682 prius
487 1624 799 1682 quaestionibus
829 1623 1006 1677 habitis,
1038 1623 1310 1665 interficitur.
1339 1625 1540 1666 Fremere
1562 1624 1709 1683 itaque

337 1718 484 1744 omnes
510 1702 721 1744 universis
741 1702 892 1744 castris
911 1718 1098 1761 coepere,
1124 1702 1290 1744 innoxii
1313 1702 1425 1744 senis
1453 1701 1619 1762 filiique
1643 1719 1710 1746 ca-

333 1796 428 1822 sum
454 1781 730 1834 miserantes,
755 1780 999 1834 interdum,
1018 1782 1104 1823 «Se
1127 1796 1300 1840 quoque
1322 1797 1409 1823 non
1434 1780 1591 1824 debere
1617 1798 1707 1825 me-

334 1858 413 1900 lius
437 1875 663 1917 sperare,»
691 1858 896 1901 dicentes.
928 1860 1036 1915 Quae
1065 1876 1200 1918 quum
1231 1860 1431 1902 nuntiata
1455 1859 1708 1903 Alexandro

333 1947 490 1992 essent,
519 1954 692 1990 verens,
718 1954 771 1980 ne
793 1937 883 1981 haec
907 1939 1056 1997 opinio
1081 1939 1210 1980 etiam
1239 1940 1282 1980 in
1313 1938 1616 1982 Macedoniam
1644 1939 1708 1982 di-

334 2015 600 2077 vulgaretur,
622 2026 661 2059 et
683 2033 736 2059 ne
759 2017 952 2059 victoriae
977 2016 1113 2076 gloria
1133 2017 1303 2059 saevitiae
1326 2016 1493 2060 macula
1517 2017 1704 2061 infusca-

333 2104 471 2149 retur,
488 2095 662 2138 simulat
686 2111 730 2137 se
750 2112 801 2138 ex
824 2096 972 2138 amicis
996 2095 1207 2154 quosdam
1230 2097 1273 2138 in
1299 2097 1487 2155 patriam
1511 2097 1703 2140 victoriae

332 2174 504 2217 nuntios
527 2174 774 2217 missurum.
805 2177 1018 2217 Hortatur
1037 2174 1195 2217 milites
1220 2175 1307 2218 suis
1332 2175 1541 2229 scribere,
1568 2176 1706 2219 rario-

332 2269 421 2294 rem
441 2252 666 2296 habituros
685 2254 954 2296 occasionem
977 2263 1156 2313 propter
1180 2253 1379 2297 militiam
1405 2255 1698 2298 remotiorem.

332 2333 466 2374 Datos
491 2330 625 2374 fasces
657 2331 938 2391 epistolarum
974 2333 1103 2375 tacite
1133 2332 1186 2374 ad
1214 2350 1256 2375 se
1287 2333 1445 2376 deferri
1463 2334 1588 2393 jubet
1614 2351 1623 2376 :
1651 2351 1702 2377 ex

329 2410 486 2468 quibus
516 2411 691 2469 cognito
723 2410 774 2453 de
805 2427 848 2453 se
878 2409 1148 2470 singulorum
1174 2411 1363 2470 judicio,
1395 2413 1438 2455 in
1472 2428 1603 2456 unam
1634 2430 1702 2456 co-

328 2489 498 2531 hortem
525 2505 621 2542 eos,
649 2490 723 2548 qui
752 2490 804 2532 de
827 2505 926 2549 rege
951 2489 1102 2533 durius
1126 2491 1291 2549 opinati
1316 2490 1510 2545 fuerant,
1535 2493 1700 2535 contri-

326 2568 443 2622 buit,
462 2577 537 2610 aut
557 2578 893 2627 consumpturus
913 2585 1006 2621 eos,
1030 2579 1105 2611 aut
1128 2570 1170 2611 in
1192 2569 1355 2613 ultimis
1378 2571 1502 2613 terris
1521 2571 1563 2613 iu
1579 2569 1698 2614 colo-

328 2646 417 2688 nias
446 2646 772 2689 distributurus.
806 2647 912 2689 Inde
936 2650 1154 2703 Drancas,
1184 2651 1447 2708 Evergetas,
1470 2651 1699 2709 Parymas,
