1783 3282
301 266 346 301 56
729 244 736 250 ’
890 263 1076 299 Jus'rm

299 348 432 391 deret.
458 347 618 390 Omnia
640 348 756 390 enim
775 346 997 390 credibilia
1021 348 1064 388 in
1087 344 1308 389 Alcibiade
1330 345 1453 404 vigor
1476 343 1659 404 ingenii,

299 436 341 469 et
369 441 541 468 morum
570 423 743 468 luxuria
770 425 966 468 faciebat.
991 423 1167 467 Veritus
1195 424 1338 482 itaque
1366 421 1659 465 multitudinis

299 505 534 563 impetum,
563 503 706 546 denuo
735 504 779 545 in
806 501 1103 545 voluntarium
1131 499 1329 543 exsilium
1357 499 1658 560 proficiscitur.

358 585 434 626 VI.
467 586 621 643 Itaque
656 584 810 626 Conon
848 578 1060 624 Alcibiadi
1100 578 1325 633 suffectus,
1359 579 1522 621 habens
1561 587 1661 621 ante

299 661 446 706 oculos
476 663 546 706 cui
573 661 673 705 duci
705 659 995 713 successisset,
1021 656 1199 700 classem
1232 657 1420 699 maxima
1448 656 1661 699 industria

299 751 480 784 exornat
503 758 511 783 :
538 739 612 784 sed
642 739 822 782 navibus
853 737 1066 781 exercitus
1093 735 1265 791 deerat,
1294 734 1537 777 fortissimis
1566 737 1661 794 qui-

298 821 462 880 busque
495 821 539 862 in
575 820 684 864 Asiae
714 816 995 878 populatione
1030 816 1208 858 amissis.
1243 817 1481 858 Armantur
1516 823 1661 857 tamen

299 915 446 953 senes,
471 908 546 941 aut
583 897 829 957 impuberes
863 896 1008 954 pueri,
1038 904 1081 937 et
1111 910 1318 937 numerus
1350 891 1537 935 militum
1571 894 1663 936 sine

300 978 511 1021 exercitus
542 977 697 1019 robore
729 973 940 1033 expletur.
974 972 1057 1016 Sed
1089 989 1176 1015 non
1208 988 1411 1032 magnam
1435 970 1550 1014 bello
1577 988 1664 1015 mo-

300 1073 393 1099 ram
415 1066 514 1099 aetas
537 1055 638 1098 fecit
658 1053 841 1097 imbellis
863 1070 870 1095 :
899 1052 1125 1096 caeduntur
1151 1053 1329 1111 passim,
1353 1061 1427 1094 aut
1449 1051 1664 1112 fugientes

301 1136 563 1194 capiuntur:
595 1143 801 1193 tantaque
823 1142 1006 1192 strages,
1030 1141 1106 1174 aut
1133 1131 1396 1185 occisorum,
1426 1140 1501 1173 aut
1533 1133 1665 1191 capti-

299 1229 454 1256 vorum
489 1212 591 1267 fuit,
627 1222 675 1255 ut
707 1211 1041 1255 Atheniensium
1073 1209 1262 1253 deletum
1305 1226 1392 1252 non
1434 1210 1665 1269 imperium

300 1301 491 1345 tantum,
515 1307 666 1334 verum
691 1291 820 1334 etiam
843 1305 1002 1333 nomen
1024 1288 1257 1332 videretur.
1279 1289 1381 1344 Quo
1403 1287 1554 1348 proelio
1573 1305 1666 1348 per-

301 1370 400 1414 ditis
423 1380 465 1414 et
486 1370 722 1430 desperatis
744 1369 891 1424 rebus,
916 1368 969 1411 ad
988 1377 1154 1411 tantam
1174 1368 1366 1427 inopiam
1389 1367 1664 1428 rediguntur,

301 1459 366 1505 ut,
390 1458 647 1508 consumpta
665 1447 842 1491 militari
856 1457 998 1502 aetate,
1017 1447 1258 1506 peregrinis
1275 1447 1516 1501 civitatem,
1534 1448 1665 1489 servis

300 1527 564 1582 libertatem,
595 1526 809 1569 damnatis
840 1527 1148 1586 impunitatem
1177 1525 1342 1568 darent.
1374 1528 1437 1568 Ex
1461 1542 1545 1584 qua
1579 1525 1666 1568 col-

302 1606 475 1649 luvione
490 1606 720 1648 hominum
737 1606 983 1664 conscripto
997 1606 1213 1659 exercitu,
1229 1604 1396 1647 domini
1413 1614 1539 1647 antea
1551 1606 1667 1647 Grae-

301 1686 395 1740 ciae,
419 1686 491 1727 vix
521 1683 766 1728 libertatem
796 1685 1043 1728 tuebantur.
1075 1687 1241 1727 Iterum
1266 1693 1412 1727 tamen
1444 1684 1664 1727 fortunam

301 1765 430 1807 maris
462 1763 769 1823 experiendam
801 1763 1054 1806 decernunt.
1077 1765 1218 1806 Tanta
1251 1765 1386 1807 virtus
1420 1764 1666 1807 animorum

302 1852 418 1897 erat,
451 1852 519 1897 ut,
549 1859 684 1901 quum
702 1841 831 1902 paulo
853 1852 953 1885 ante
979 1841 1162 1885 salutem
1180 1842 1523 1902 desperaverint,
1549 1860 1666 1886 nunc

302 1938 390 1964 non
405 1921 636 1981 desperent
648 1922 890 1965 victoriam.
916 1921 1000 1965 Sed
1019 1938 1160 1981 neque
1180 1923 1213 1964 is
1236 1921 1357 1965 miles
1377 1932 1483 1978 erat,
1497 1924 1571 1982 qui
1587 1940 1666 1966 no-

302 2016 401 2043 men
421 2000 754 2044 Atheniensium
780 2009 993 2055 tueretur3
1015 2017 1155 2060 neque
1177 2017 1234 2044 eae
1258 2002 1370 2044 vires
1391 2002 1548 2060 quibus
1571 2004 1666 2045 vin-

301 2096 396 2122 cere
416 2089 695 2133 consuerant3
718 2095 857 2138 neque
884 2096 932 2123 ea
955 2080 1134 2123 scientia
1156 2079 1354 2123 militaris
1378 2082 1422 2123 in
1445 2082 1535 2136 his,
1559 2099 1666 2141 quos

303 2157 475 2202 vincula
487 2192 498 2213 ‚
514 2175 602 2202 non
617 2168 757 2202 castra
778 2159 1099 2201 continuerant.
1115 2161 1267 2218 Itaque
1282 2177 1432 2203 omnes
1447 2171 1521 2203 aut
1538 2163 1666 2222 capti,

301 2248 377 2280 aut
402 2239 546 2282 occisi.
571 2238 723 2294 Quum
752 2238 839 2281 dux
868 2240 1023 2281 Conon
1049 2255 1098 2281 eo
1121 2238 1272 2298 proelio
1300 2240 1580 2298 superfuisset
1605 2258 1666 2283 so-

302 2316 387 2372 lus,
412 2316 713 2361 crudelitatem
737 2319 894 2360 civium
919 2328 1136 2373 metuens,
1167 2335 1264 2362 cum
1288 2329 1385 2362 octo
1409 2320 1589 2364 navibus
1613 2321 1665 2364 ad

301 2413 447 2457 regem
462 2398 674 2457 Cyprium
704 2397 901 2440 concedit
925 2400 1181 2458 Evagoram.

364 2477 465 2518 VII.
487 2479 544 2519 At
568 2475 656 2519 dux
679 2476 1133 2532 Lacedaemoniorum,
1160 2478 1287 2521 rebus
1313 2478 1492 2522 feliciter
1516 2481 1664 2539 gestis,

302 2555 484 2598 fortunae
501 2554 692 2598 hostium
714 2554 889 2598 insultat
905 2571 914 2609 ;
930 2556 1118 2614 captivas
1141 2573 1269 2600 naves
1291 2573 1390 2600 cum
1415 2557 1557 2618 praeda
1575 2557 1665 2601 bel-

303 2633 406 2687 lica,
436 2635 478 2676 in
510 2634 720 2692 triumphi
758 2634 933 2677 modum
969 2644 1141 2678 ornatas
1168 2636 1303 2679 mittit
1333 2636 1664 2691 Laeedaemona3
