1783 3282
322 243 388 280 ¹04
901 235 1087 270 JUSTIM

314 320 470 379 abjecti
496 329 645 378 partus
675 318 924 374 decessisse,
952 319 1130 377 ejusque
1150 325 1336 360 mortem
1361 314 1669 374 illacrymatum

314 397 633 455 Alexandrum,
658 398 966 456 exsequiasque
1000 396 1186 454 benigne
1215 405 1515 454 prosecutum,
1548 392 1677 451 idque

315 492 415 521 eum
446 492 532 520 non
558 476 738 531 amoris,
764 475 839 519 sed
861 473 1148 518 humanitatis
1186 488 1313 515 causa
1341 472 1543 515 fecisse.»
1565 472 1678 514 Nam

317 554 444 599 semel
468 565 640 598 tantum
664 571 759 598 eam
783 552 1032 597 Alexandro
1050 551 1187 593 visam
1209 566 1319 605 esse,
1341 566 1476 609 quum
1494 560 1676 593 matrem

322 635 512 693 filiasque
550 634 640 694 ejus
685 630 886 692 parvulas
917 631 1168 689 frequenter
1209 626 1519 672 consolaretur.
1556 630 1680 671 Tune

313 713 472 756 Darius
492 729 535 756 se
554 721 674 755 ratus
692 726 793 753 vere
814 711 997 765 victum,
1020 724 1155 768 quum
1178 718 1276 769 post
1300 716 1362 749 tot
1380 706 1531 766 proelia
1551 707 1679 749 etiam

315 790 533 834 beneficiis
561 790 612 833 ab
637 788 761 832 hoste
787 797 1083 848 superaretur,
1114 795 1373 847 gratumque
1400 785 1479 828 sibi
1505 801 1595 828 esse
1611 819 1622 839 ,
1647 786 1680 827 si

317 869 487 912 vincere
527 876 732 927 nequeat,
775 866 891 926 quod
925 882 949 909 a
988 865 1064 909 tali
1101 863 1373 925 potissimum
1418 864 1680 906 vinceretur.

314 948 478 991 Scribit
500 948 645 1006 itaque
672 956 715 988 et
742 946 892 989 tertias
922 944 1141 1004 epistolas,
1174 954 1216 987 et
1249 944 1406 1004 gratias
1431 944 1538 1004 agit,
1565 943 1682 1003 quod

315 1026 422 1069 nihil
446 1027 490 1068 in
519 1042 618 1069 suos
642 1023 798 1068 hostile
822 1023 983 1067 fecerit.
1013 1022 1154 1066 Offert
1176 1022 1330 1065 deinde
1354 1024 1565 1082 majorem
1590 1039 1684 1082 par-

315 1115 402 1147 tem
437 1105 558 1164 regni
594 1120 730 1163 usque
766 1102 928 1145 flumen
963 1101 1239 1161 Euphraten,
1263 1110 1306 1143 et
1335 1100 1517 1144 alteram
1550 1100 1682 1144 filiam

316 1198 514 1236 uxorem3
546 1198 624 1242 pro
657 1181 834 1241 reliquis
863 1181 1041 1240 captivis
1078 1181 1256 1239 triginta
1285 1179 1419 1222 millia
1456 1178 1682 1222 talentum.

315 1260 383 1305 Ad
395 1261 485 1304 haee
498 1260 762 1316 Alexander,
780 1260 1064 1303 «Gratiarum
1085 1259 1300 1302 actionem
1321 1259 1372 1301 ab
1394 1259 1518 1301 hoste
1539 1274 1686 1318 super-

319 1355 548 1383 vacaneam
575 1356 686 1393 esse,
701 1359 720 1379 »
743 1337 970 1398 respondit
988 1355 996 1380 :
1014 1354 1126 1380 «nec
1149 1354 1172 1380 a
1194 1353 1237 1381 se
1261 1338 1494 1397 quicquam
1520 1337 1683 1380 factum

318 1418 361 1461 in
383 1418 520 1462 hostis
550 1417 863 1473 adulationem,
895 1433 973 1460 nec
997 1416 1113 1476 quod
1141 1418 1184 1459 in
1214 1417 1368 1459 dubios
1394 1415 1496 1459 belli
1525 1417 1683 1472 exitus,

317 1507 392 1540 aut
424 1498 466 1539 in
501 1496 615 1556 leges
655 1497 771 1556 pacis
809 1497 889 1538 sibi
938 1496 1135 1538 enocinia
1172 1505 1407 1554 quaereret3
1443 1495 1517 1538 sed
1551 1495 1684 1537 animi

319 1575 636 1635 magnitudine,
664 1591 749 1634 qua
772 1573 971 1617 didicerit
994 1574 1198 1616 adversus
1224 1574 1336 1617 vires
1359 1574 1570 1628 hostium,
1596 1590 1683 1616 non

317 1653 522 1697 adversus
555 1652 820 1697 calamitates
844 1652 1127 1708 contendere,
1144 1672 1164 1693 >³
1188 1651 1524 1712 polliceturque,
1550 1671 1569 1692 α
1585 1668 1688 1711 prae-

317 1743 532 1777 staturum
564 1749 606 1775 se
638 1748 685 1775 ea
714 1734 868 1787 Dario,
896 1734 930 1774 si
958 1731 1171 1775 secundus
1195 1732 1295 1786 sibi,
1320 1748 1406 1774 non
1433 1747 1511 1790 par
1537 1731 1687 1774 haberi

318 1810 433 1855 velit.
477 1812 682 1854 Ceterum
718 1826 857 1869 neque
896 1810 1109 1853 mundum
1145 1827 1269 1870 posse
1309 1809 1479 1853 duobus
1523 1808 1686 1853 solibus

318 1891 410 1950 regi
440 1905 612 1948 :neque
637 1889 787 1932 orbem
821 1905 989 1931 summa
1021 1888 1107 1931 duo
1144 1905 1276 1948 regna
1311 1888 1428 1931 salvo
1462 1898 1577 1931 statu
1609 1897 1688 1931 ter-

319 1984 466 2011 rarum
498 1968 657 2011 habere
685 1985 692 2010 ε
721 1967 902 2028 proinde
939 1977 1014 2009 aut
1047 1966 1311 2009 deditionem
1341 1983 1390 2009 ea
1419 1966 1508 2022 die,
1540 1976 1615 2009 aut
1641 1967 1684 2009 in

319 2057 558 2106 posteram,
581 2047 715 2090 aciem
742 2056 891 2106 paret:
915 2062 994 2089 nec
1017 2044 1272 2105 polliceatur
1291 2046 1367 2089 sibi
1388 2045 1533 2101 aliam,
1555 2062 1683 2105 quam

320 2126 374 2169 sit
395 2135 617 2185 expertus,
639 2125 879 2168 victoriam.
899 2144 917 2163 >³

381 2205 503 2247 XIII.
518 2206 696 2247 Postera
720 2203 787 2247 die
808 2206 945 2247 aciem
972 2203 1233 2263 producunt.
1260 2205 1369 2245 Tum
1392 2213 1570 2262 repente
1585 2213 1685 2247 ante

321 2281 541 2341 proelium,
567 2282 814 2326 consectum
833 2283 947 2326 curis
971 2281 1266 2326 Alexandrum
1288 2299 1463 2325 somnus
1487 2283 1683 2343 arripuit.

320 2363 467 2418 Quum
491 2363 545 2405 ad
568 2379 759 2423 pugnam
780 2362 895 2406 solus
918 2379 992 2405 rex
1011 2363 1195 2416 deesset,
1220 2379 1243 2405 a
1264 2363 1552 2406 Parmenione
1575 2380 1686 2423 aegre

321 2442 549 2496 excitatus,
578 2442 871 2501 quaerentibus
900 2442 1039 2484 somni
1073 2457 1222 2484 causas
1249 2441 1448 2484 omnibus
1480 2442 1591 2484 inter
1618 2459 1689 2501 pe-

322 2519 483 2576 ricula,
507 2522 629 2580 cujus
658 2522 786 2563 etiam
811 2521 854 2562 in
880 2522 969 2563 otio
995 2537 1162 2580 semper
1187 2522 1359 2580 parcior
1385 2521 1514 2564 fuerit
1535 2538 1543 2563 :
1568 2522 1688 2564 «Ma-

323 2615 406 2658 gno
445 2616 487 2642 se
520 2609 624 2642 aestu
662 2598 914 2653 liberatum,
942 2601 1021 2654 ait,
1051 2617 1338 2659 somnumque
1373 2601 1454 2643 sibi
1489 2619 1512 2643 a
1539 2616 1686 2660 repen-
