1783 3282
310 274 322 295 1
334 262 378 297 26
690 255 694 261 ⁸
898 264 1084 299 JUSTINI

307 344 504 405 vectigali
533 346 740 407 (tributo)
766 347 931 389 tricena
950 344 1098 388 millia.
1129 344 1213 387 Sed
1236 360 1317 387 nec
1339 344 1466 387 amici
1490 341 1674 386 Alexan-

307 424 372 466 dri
396 424 553 467 frustra
575 441 759 485 regnum
783 425 1036 484 spectabant
1060 439 1068 464 :
1094 439 1197 465 nam
1215 423 1307 481 ejus
1331 422 1505 464 virtutis
1530 437 1578 463 ac
1609 435 1677 462 ve-

308 504 541 546 nerationis
571 513 713 559 erant,
745 513 794 546 ut
825 502 1019 562 singulos
1054 517 1178 560 reges
1205 509 1395 559 putares.
1424 501 1600 559 Quippe
1627 513 1677 541 ea

307 581 455 624 formae
477 581 784 641 pulchritudo,
810 590 851 623 et
876 580 1114 640 proceritas
1140 579 1355 637 corporis,
1376 587 1417 620 et
1444 579 1604 620 virium
1627 593 1677 620 ac

308 661 526 719 sapientiae
555 659 811 719 magnitudo
838 660 881 701 in
908 658 1110 701 omnibus
1135 657 1235 711 fuit,
1264 666 1332 712 ut,
1358 658 1432 715 qui
1461 672 1533 699 eos
1558 657 1680 715 igno-

308 749 441 793 raret,
462 756 549 782 non
566 756 617 782 ex
641 755 728 782 una
747 748 895 798 gente,
921 736 995 781 sed
1014 754 1066 780 ex
1088 746 1178 780 toto
1203 745 1423 778 terrarum
1446 734 1551 778 orbe
1571 733 1681 777 elec-

310 828 375 861 tos
393 818 622 878 judicaret.
646 819 799 876 Neque
827 817 943 860 enim
972 832 1165 875 unquam
1188 824 1289 857 ante
1310 813 1593 863 Macedonia,
1614 812 1681 856 vel

309 897 397 940 ulla
426 914 530 956 gens
556 896 662 951 alia,
681 906 769 938 tam
793 895 1012 938 clarorum
1037 896 1231 937 virorum
1263 902 1478 953 proventu
1502 892 1651 936 floruit
1671 908 1680 934 z

310 993 418 1036 quos
448 978 588 1036 primo
615 975 865 1034 Philippus,
890 990 991 1016 mox
1013 973 1277 1027 Alexander,
1307 982 1425 1015 tanta
1453 988 1556 1015 cura
1578 970 1685 1032 lege-

310 1065 396 1111 rat,
426 1064 474 1097 ut
495 1071 582 1097 non
608 1063 694 1096 tam
719 1052 772 1095 ad
803 1053 1056 1096 societatem
1079 1051 1201 1107 belli,
1227 1067 1359 1110 quam
1382 1052 1427 1094 in
1452 1051 1685 1094 successio-

312 1150 411 1176 nem
435 1133 581 1193 regni,
606 1132 731 1175 electi
761 1131 1026 1174 viderentur.
1053 1131 1166 1187 Quis
1192 1130 1325 1190 igitur
1359 1130 1564 1183 miretur,
1590 1128 1687 1172 tali-

312 1214 392 1256 bus
421 1212 630 1254 ministris
661 1211 811 1253 orbem
849 1220 1062 1252 terrarum
1087 1210 1271 1265 victum,
1305 1226 1442 1269 quum
1473 1208 1687 1252 exercitus

313 1290 605 1333 Macedonum
640 1300 721 1343 tot,
756 1306 844 1332 non
879 1289 1083 1345 ducibus,
1119 1289 1193 1332 sed
1229 1290 1404 1349 regibus
1437 1290 1688 1349 regeretur?

314 1370 389 1429 qui
413 1385 637 1429 nunquam
667 1369 747 1411 sibi
776 1370 1038 1429 reperissent
1054 1385 1201 1428 pares,
1221 1369 1256 1411 si
1273 1385 1360 1411 non
1386 1369 1501 1411 inter
1519 1384 1563 1411 se
1583 1383 1687 1411 con·

314 1450 553 1492 currissent
583 1466 590 1491 :
621 1447 868 1507 multosque
896 1447 1154 1490 Macedonia
1187 1464 1268 1507 pro
1303 1464 1390 1490 uno
1420 1446 1689 1490 Alexandros

315 1528 562 1581 habuisset,
586 1528 668 1570 nisi
687 1526 861 1569 fortuna
884 1543 956 1569 eos
982 1526 1258 1570 aemulatione
1277 1528 1452 1570 virtutis
1475 1527 1520 1569 in
1547 1527 1691 1587 perni-

316 1608 423 1650 ciem
455 1615 651 1649 mutuam
675 1616 898 1649 armasset.

378 1689 434 1729 II.
464 1687 696 1738 Ceterum,
737 1686 880 1728 occiso
908 1685 1178 1741 Alexandro,
1212 1703 1300 1729 non
1335 1697 1383 1730 ut
1415 1686 1522 1743 laeti,
1557 1688 1617 1730 ita
1650 1698 1692 1731 et

317 1768 457 1811 securi
478 1767 597 1809 fuere
614 1801 624 1820 ,
652 1766 853 1808 omnibus
874 1783 1011 1809 unum
1040 1766 1184 1810 locum
1209 1768 1556 1828 competentibus
1580 1784 1589 1810 :
1614 1784 1692 1811 nec

317 1848 461 1889 minus
482 1844 640 1888 milites
677 1846 863 1887 invicem
896 1862 939 1887 se
971 1846 1202 1900 timebant,
1236 1863 1424 1905 quorum
1449 1857 1493 1889 et
1518 1846 1692 1891 libertas

319 1925 500 1969 solutior
516 1959 526 1979 ,
547 1933 588 1967 et
614 1924 735 1967 favor
756 1925 946 1967 incertus
975 1934 1079 1967 erat.
1110 1927 1231 1968 Inter
1256 1926 1371 1984 ipsos
1395 1942 1497 1969 vero
1519 1926 1694 1985 aequali-

320 2015 382 2047 tas
420 2003 681 2047 discordiam
719 2004 925 2064 augebat,
962 2004 1134 2047 nemine
1172 2013 1342 2047 tantum
1373 2014 1542 2048 ceteros
1576 2021 1695 2049 exce-

321 2083 472 2135 dente,
498 2092 546 2126 ut
575 2084 611 2126 ei
638 2083 794 2142 aliquis
819 2100 862 2126 se
888 2083 1177 2126 submitteret.
1198 2085 1367 2128 Armati
1391 2084 1537 2145 itaque
1556 2088 1602 2130 in
1624 2102 1694 2129 re-

322 2164 435 2223 giam
458 2172 644 2216 coeunt,
667 2162 722 2205 ad
744 2162 1023 2206 formandum
1051 2179 1198 2206 rerum
1220 2164 1500 2223 praesentium
1519 2174 1692 2209 statum.

321 2241 549 2285 Perdiccas
592 2251 759 2295 censet,
802 2245 1039 2285 «Roxanes
1076 2244 1316 2302 exspectari
1354 2252 1548 2302 partum,
1583 2262 1694 2304 quae,

322 2332 472 2366 exacto
505 2338 654 2366 mense
687 2331 865 2375 octavo,
899 2331 1069 2365 matura
1097 2323 1187 2381 jam
1221 2339 1272 2365 ex
1302 2321 1551 2367 Alexandro
1584 2334 1695 2380 erat3

324 2411 365 2443 et
391 2402 425 2443 si
449 2417 634 2460 puerum
671 2401 927 2460 peperisset,
950 2399 1066 2443 hunc
1097 2400 1190 2444 dari
1219 2417 1511 2445 successorem
1535 2404 1660 2462 patri.
1677 2423 1696 2445 >³

326 2478 547 2539 Meleager
578 2488 706 2537 negat
730 2478 1019 2522 «Differenda
1052 2482 1095 2522 in
1126 2489 1278 2539 partus
1305 2480 1460 2524 dubios
1492 2481 1697 2534 consilia,

327 2575 403 2601 nec
434 2557 792 2617 exspectandum,
821 2557 924 2600 dum
961 2575 1083 2619 reges
1121 2570 1423 2616 nascerentur,
1452 2578 1586 2621 quum
1607 2563 1697 2621 jam

327 2638 482 2697 genitis
516 2637 580 2679 uti
610 2635 771 2678 liceret.
803 2638 886 2679 Seu
916 2654 1023 2695 puer
1049 2637 1132 2680 illis
1163 2637 1350 2697 placeat,
1379 2656 1468 2682 esse
1498 2642 1697 2700 Pergami
