1783 3282
618 271 810 308 LIBRUM
839 274 939 310 xlx.
1397 289 1417 312 α
1425 289 1443 312 2
1451 278 1469 312 3

94 367 254 401 nominis
285 372 338 400 est
370 364 450 411 regi
480 364 765 399 Nabatliaeornm
791 363 889 410 apud
920 363 1098 410 Hirtium,
1126 380 1146 402 a
1171 380 1289 415 graeco
1308 377 1471 420 μαλακός,

93 429 234 471 mollis,
259 426 513 470 effeminatus,
546 432 777 461 contractum
806 431 870 460 est.
899 425 1029 471 Itaque
1052 427 1175 463 Malei
1198 429 1299 465 ducis
1331 443 1469 465 nomen

91 490 182 523 mihi
203 488 351 523 videtur
373 487 473 522 idem
499 499 540 522 ac
567 486 678 522 Melc'i
698 486 889 530 Herculis,
912 492 1110 533 ortumque
1141 501 1161 523 a
1188 496 1310 538 pulleno<
1334 492 1392 526 vel
1415 499 1471 542 μή-

91 562 169 595 λιος,
192 549 239 584 ad
263 561 350 583 oves
371 561 433 583 seu
445 547 572 595 potius
595 548 640 583 ad
654 560 766 595 poma
785 547 990 594 pertinens;
1009 557 1106 598 μῆλον
1121 548 1235 593 enim,
1258 552 1384 588 dorice
1404 560 1472 603 μᾶ-

89 622 159 657 λον,
186 612 341 653 malum,
365 622 539 656 pomum,
566 610 666 653 ovis,
693 609 794 644 unde
820 615 1012 659 Μηλοφόροι,
1030 609 1125 657 regii
1143 610 1244 656 apud
1261 613 1388 648 Persas
1409 627 1462 649 sa—

90 672 244 715 tellites,
272 671 373 718 quod
399 683 509 707 aurea
534 671 631 705 mala
656 670 770 704 hastis
791 668 943 717 praefixa
969 677 1166 717 gestarent.
1190 670 1306 717 Hujus
1330 685 1468 720 cogno—

90 734 206 769 menti
225 734 393 768 Herculis
417 733 527 767 variae
546 733 714 767 feruutur
740 731 938 778 opiniones
956 745 963 765 :
989 732 1139 778 quidam
1161 745 1182 768 a
1206 733 1328 780 pomis
1349 735 1471 770 existi-

89 802 191 829 mint
204 822 211 832 ,
233 795 294 829 :ilii
309 794 356 829 ab
376 793 508 827 ovibus
524 819 534 836 ,
557 805 670 838 quum
697 802 793 842 μῆλον
816 799 1013 839 utrumque
1032 791 1226 840 significet.
1246 794 1353 841 Apud
1373 796 1471 831 The—

90 857 208 891 banos
229 863 264 890 et
284 855 466 897 Boeotios,
490 863 607 904 μῆλον,
626 859 648 896 ἢ
660 858 780 895 Μήλιος
793 851 954 900 Ηρακλῆς,
978 855 1120 888 malum
1138 855 1307 890 Hercul&
1325 862 1361 891 et
1385 857 1471 892 Me-

89 919 158 952 lius
178 918 372 958 Hercules,
395 914 567 962 adagium
582 914 717 949 factum
739 921 791 948 cst
803 927 813 958 3
833 920 867 948 et
886 915 1061 949 Hercules
1081 921 1199 957 Μήλων
1221 916 1355 952 dicitur
1373 919 1472 966 apud

88 977 310 1025 Hesychium
321 1004 329 1020 ,
344 977 365 1010 i.
382 989 412 1011 e.
428 976 632 1010 Pomarc'us.
653 975 692 1009 V.
709 976 803 1009 Gru.
814 1001 823 1019 ‚
836 976 929 1010 Hist.
941 976 1038 1010 deor.
1050 1002 1060 1020 ,
1083 974 1167 1011 328.
1182 977 1262 1025 Ego
1276 990 1365 1014 vero
1379 979 1471 1015 illud

88 1051 301 1087 cognomen
315 1038 484 1085 intelligo
499 1037 545 1072 de
559 1037 716 1071 Hercule
730 1037 925 1079 Pomario,
944 1037 983 1071 id
1008 1044 1061 1072 est
1090 1037 1152 1084 qui
1163 1051 1284 1086 poma
1303 1052 1411 1075 aurea
1431 1042 1469 1077 in

88 1101 335 1148 Hesperidum
354 1099 489 1143 hortis,
504 1099 729 1144 interempto
748 1098 848 1144 prius
868 1098 1029 1133 dracone
1042 1099 1235 1146 pervigili,
1248 1101 1311 1148 qui
1334 1114 1375 1137 ea
1389 1115 1467 1139 cus-

88 1163 272 1206 todiebat,
284 1161 485 1205 sustulerit,
498 1167 532 1195 et
541 1159 589 1195 ad
600 1159 769 1194 vitricum
784 1160 1028 1207 Eurystheum
1040 1161 1218 1195 retulerit.
1231 1162 1383 1198 Maleus
1395 1164 1469 1199 dux

88 1237 176 1272 ergo
200 1225 299 1259 idem
324 1231 377 1258 est
397 1231 508 1270 atque
532 1222 709 1257 Hercules
731 1221 862 1269 Tyrius
881 1228 916 1256 et
937 1222 1110 1266 Punicus3
1135 1222 1236 1257 idem
1257 1236 1299 1258 ac
1317 1225 1411 1260 Mdo
1430 1226 1467 1270 (a

84 1284 474 1327 Mfiimvffirotoniates,
500 1283 558 1318 cui
581 1285 722 1318 malum
740 1283 883 1317 tenenti
902 1282 1027 1330 digitis
1046 1295 1157 1318 nemo
1181 1291 1329 1331 poterat
1342 1294 1469 1321 extor-

87 1358 216 1392 quere3
236 1345 337 1380 idem
363 1344 427 1391 qui
444 1344 605 1379 Adamas
630 1343 671 1378 in
693 1343 869 1378 Paradiso
896 1355 980 1377 cum
1004 1352 1188 1391 serpente.

139 1407 315 1441 Decimus
338 1405 518 1441 Herculis.
539 1403 881 1451 Carthaginienses»,
905 1404 1007 1451 quod
1030 1417 1075 1439 ex
1095 1407 1194 1453 Tyro
1217 1407 1255 1441 in
1281 1408 1467 1444 coloniam

85 1475 206 1503 essent
233 1467 403 1511 deducti,
426 1466 608 1502 decimam
631 1465 818 1509 omnium,
844 1478 923 1512 quae
945 1466 986 1500 in
1003 1473 1254 1513 proventuum
1284 1468 1468 1504 rationem

84 1530 268 1565 cadebant
280 1557 289 1573 ,
316 1528 488 1572 Herculi,
512 1527 668 1562 coloniae
689 1540 761 1562 suae
779 1534 958 1574 patrono,
982 1529 1120 1575 Tyrum
1138 1529 1385 1566 transmittere
1404 1545 1468 1567 so-

84 1591 169 1626 litos
195 1591 324 1626 scribit
350 1590 560 1634 Diodorus,
579 1601 650 1633 xx,
679 1593 735 1630 14.
755 1589 946 1624 Bnmcc.

138 1653 372 1687 Altissimam
399 1663 551 1686 crucem.
578 1651 630 1685 Ut
653 1650 797 1684 solebat
822 1649 861 1684 in
885 1651 1003 1685 noxio
1036 1651 1164 1698 aliquo
1189 1652 1337 1701 insigni.
1367 1654 1467 1689 Sicut

83 1714 190 1748 Poeni
209 1714 392 1749 factitasse
418 1712 511 1748 dicti
530 1719 615 1746 sunt
636 1712 797 1759 mythice
822 1711 859 1746 in
879 1713 1042 1759 Regulo,
1064 1713 1164 1760 apud
1183 1715 1246 1750 Sil.
1266 1716 1435 1751 Italicum
1457 1730 1464 1749 ε

434 1830 619 1839 ......
649 1805 722 1836 Vidi
735 1816 804 1836 cum
821 1805 934 1837 robore
954 1805 1093 1848 pendens

369 1863 488 1894 Italiam
504 1873 596 1894 cruce
610 1859 751 1892 sublimis
762 1867 914 1903 spectaret
932 1861 971 1892 ab
989 1862 1059 1892 alta.

81 1960 165 2003 Quo
185 1959 347 2006 pertinet
366 1957 490 1992 irrisio
509 1957 636 1992 Galbae
648 1983 658 2000 ,
681 1957 745 2003 qui
764 1956 910 1991 cuidam
929 1957 1150 2003 imploranti
1166 1959 1284 2005 leges,
1301 1965 1337 1992 ec
1354 1959 1464 1994 civem

81 2021 290 2055 Romanum
317 2033 358 2054 se
380 2019 611 2065 testificanti,
637 2018 748 2065 quasi
776 2019 911 2052 solatio
939 2025 977 2052 et
999 2018 1138 2052 honore
1161 2019 1286 2065 aliquo
1302 2032 1462 2066 poetzam

82 2083 282 2124 levaturus,
314 2083 427 2115 multo
449 2088 596 2127 proeter
623 2087 778 2113 coetems
813 2080 980 2113 altiorem
1016 2079 1134 2113 statui
1168 2092 1311 2114 crucem
1336 2079 1462 2125 jussit.

81 2144 262 2185 SUETON.,
279 2142 401 2181 Galb„
419 2153 447 2175 c.
461 2153 497 2187 9.
513 2140 587 2175 Sed
607 2152 696 2174 crux
711 2141 846 2187 Reguli
857 2139 987 2174 eadem
1001 2147 1055 2174 est
1068 2152 1110 2174 ac
1125 2140 1220 2187 regis
1235 2140 1460 2176 Judaeorum.

535 2272 597 2305 IN
629 2273 858 2308 LIBRUM
891 2272 1013 2306 XIX.

132 2389 215 2422 Cn».
241 2388 269 2422 I.
291 2388 418 2435 Mago.
440 2388 486 2422 Se
508 2387 628 2433 ipsum
650 2386 680 2420 is
700 2387 812 2433 Mago
831 2385 1065 2420 interfecerat
1087 2386 1138 2420 ob
1156 2398 1234 2420 rem
1260 2387 1354 2420 male
1374 2398 1459 2432 ges-

79 2458 152 2484 tam
183 2456 311 2484 contra
337 2449 585 2495 Syracusanos
610 2460 618 2481 :
646 2447 696 2482 ob
720 2459 830 2494 quarn
859 2459 938 2482 rem
965 2447 1004 2481 in
1032 2459 1179 2481 crucem
1203 2447 1388 2481 sublatum
1407 2455 1460 2482 est

78 2523 212 2557 corpus
241 2509 379 2544 mortui
404 2522 425 2544 a
449 2508 826 2556 Carthaginiensibus.
847 2510 984 2551 Pium,
1005 2508 1041 2542 in
1067 2508 1141 2542 vita
1169 2509 1296 2543 Tz'mol.
1321 2509 1457 2556 Mag-0,

78 2586 97 2605 a
127 2578 275 2621 μαγεὺω,
300 2582 427 2617 magus
447 2583 546 2613 sum,
565 2577 680 2605 artem
700 2569 883 2616 magicam
904 2582 1070 2604 exerceo.

128 2634 340 2667 Dictaturoe.
367 2631 537 2666 Dictator
563 2631 630 2665 suit
658 2629 802 2677 Suffes,
830 2637 870 2665 ut
896 2631 964 2674 ita,
993 2643 1100 2674 xxu,
1134 2643 1176 2674 7,
1201 2631 1302 2673 Rex,
1332 2631 1370 2664 id
1404 2638 1457 2665 est

78 2695 217 2730 Consul
243 2693 429 2737 urbanus,
464 2693 670 2739 explicante
699 2691 858 2739 Polybio
886 2699 921 2726 et
946 2691 1065 2726 Livio.
1092 2692 1137 2725 Et
1162 2691 1260 2738 apud
1279 2692 1456 2738 Gellium,
