1783 3282
438 256 784 293 HISTORIARUM
815 259 902 292 Lm.
931 259 1032 294 xm.
1359 273 1370 293 1
1382 272 1428 307 29

54 344 184 386 citum
226 344 270 385 in
302 358 456 402 campo
497 343 741 397 constituit,
780 343 1150 386 consentientibus
1191 344 1425 398 universis,

50 432 268 477 evocatos,
297 421 402 464 dum
431 422 605 478 transit,
627 422 681 465 de
711 419 894 481 singulis
916 420 1154 479 manipulis
1181 422 1425 479 seditiosos,

50 500 265 560 supplicio
290 500 403 544 tradi
432 499 601 544 occulte
620 500 756 561 jubet.
782 503 999 543 Reversus
1023 497 1151 552 inde,
1177 499 1292 543 inter
1307 502 1427 560 prin-

50 579 166 638 cipes
194 580 439 639 provincias
468 579 644 636 dividit,
672 578 801 623 simul
823 588 871 623 ut
898 588 941 622 et
963 587 1209 622 removeret
1232 578 1426 633 aemulos,

50 667 91 701 et
119 675 279 702 munus
305 659 495 718 imperii,
523 659 721 702 beneficii
747 659 812 702 sui
828 658 1002 701 faceret.
1024 657 1170 701 Prima
1193 655 1427 700 Ptolemaeo

49 739 280 798 AEgyptus‚
309 748 352 781 et
375 738 533 782 Africae
561 739 818 797 Arabiaeque
846 754 964 798 pars,
992 746 1107 780 sorte
1132 736 1272 793 venit,
1298 753 1426 796 quem

51 833 101 859 ex
129 818 328 877 gregario
358 817 495 861 milite
523 816 771 861 Alexander
794 817 969 859 virtutis
994 832 1120 859 causa
1147 830 1426 876 provexerat:

49 896 120 938 cui
155 895 209 938 ad
241 896 497 940 tradendam
523 898 796 956 provinciam
829 895 1106 951 Cleomenes,
1136 896 1211 955 qui
1239 894 1429 939 Alexan-

50 976 189 1019 driam
209 975 514 1029 aedificaverat,
541 975 684 1018 datur.
714 975 943 1018 Confinem
971 975 1074 1018 huic
1099 975 1333 1034 provinciae
1353 977 1428 1035 Sy-

49 1056 158 1098 riam
187 1054 441 1098 Laomedon
480 1054 777 1114 Mitylenaeus,
814 1053 1016 1098 Ciliciam
1053 1053 1265 1111 Philotas,
1301 1053 1428 1098 Philo

48 1133 220 1194 Illyrios
245 1135 480 1194 accipiunt.
510 1134 668 1177 Mediae
695 1134 848 1193 majori
876 1136 1140 1192 Atropatus,
1169 1133 1328 1176 minori
1359 1150 1427 1177 so-

51 1231 123 1257 cer
147 1214 365 1256 Perdiccae
391 1215 677 1273 praepouitur.
708 1213 890 1256 Susiana
916 1230 1020 1272 gens
1046 1215 1207 1273 Scyno,
1238 1214 1426 1274 Phrygia

50 1293 189 1352 major
225 1294 471 1353 Antigono,
500 1291 692 1352 Philippi
733 1291 840 1347 filio,
872 1293 1128 1352 assignatur.
1173 1292 1354 1352 Lyciam
1386 1303 1428 1335 et

47 1372 349 1432 Pamphyliam
374 1372 623 1428 Nearchus,
644 1373 819 1415 Cariam
839 1372 1104 1427 Cassander,
1130 1372 1315 1432 Lydiam
1333 1374 1428 1415 Me·

48 1452 238 1507 nander,
284 1453 543 1495 sortiuntur.
585 1454 783 1495 Leonato
829 1453 974 1495 minor
1014 1453 1205 1512 Phrygia
1251 1453 1424 1495 evenit:

46 1532 231 1575 Thracia
258 1541 300 1574 et
335 1533 535 1592 regiones
565 1532 735 1575 Pontici
770 1532 901 1574 maris
926 1532 1190 1591 Lysimacho
1215 1549 1223 1574 :
1252 1533 1426 1592 Cappa-

48 1611 173 1654 docia
199 1628 299 1654 cuin
337 1611 637 1672 Paphlagonia
666 1612 853 1655 Eumeni
884 1611 997 1654 data.
1033 1613 1238 1654 Summus
1264 1621 1427 1654 castro-

47 1707 144 1733 rum
172 1691 420 1734 tribunatus
451 1690 654 1747 Seleuco,
684 1691 890 1734 Antiochi
924 1690 1033 1745 filio,
1066 1692 1207 1734 cessit.
1237 1692 1426 1751 Stipato-

47 1771 166 1813 ribus
199 1771 313 1830 regis
352 1769 699 1830 satellitibusque
736 1770 1000 1825 Cassander,
1035 1770 1150 1813 filius
1185 1771 1426 1830 Antipatri,

47 1850 292 1909 praeficitur.
320 1852 372 1893 In
406 1852 639 1894 Bactriana
666 1850 895 1904 ulteriore,
922 1859 963 1892 et.
993 1849 1129 1892 Indiae
1154 1850 1426 1909 regionibus,

45 1929 212 1988 priores
240 1929 430 1988 praefecti
464 1931 638 1972 retenti.
663 1932 820 1972 Terras
853 1930 968 1972 inter
998 1945 1148 1971 amnes
1177 1928 1424 1988 Hydaspem

45 2017 86 2051 et
112 2008 273 2051 Indum
302 2008 473 2052 Taxiles
495 2009 698 2052 habebat.
727 2011 778 2052 In
799 2008 992 2052 colonias
1016 2009 1060 2051 in
1084 2007 1204 2051 Indis
1230 2008 1425 2051 conditas

43 2088 240 2147 Python,
268 2089 481 2148 Agenoris
506 2088 644 2142 filius,
674 2090 878 2132 mittitur.
908 2088 1231 2147 Paropamisios
1256 2097 1299 2131 et
1319 2087 1426 2131 fines

45 2168 231 2210 Caucasi
261 2169 421 2211 montis
447 2169 686 2212 Extarches
715 2169 895 2228 accepit.
924 2167 1126 2211 Aracossi
1151 2166 1427 2226 Gedrosique

44 2247 232 2307 Sibyrtio
260 2247 496 2291 traduntur
521 2265 528 2290 :
558 2250 743 2291 Drancae
767 2257 808 2290 et
834 2247 936 2290 Arei
963 2247 1202 2289 Stasanori.
1232 2247 1426 2290 Bactria-

45 2343 124 2369 nos
163 2331 375 2385 Amyntas
416 2328 625 2383 sortitur,
666 2327 908 2388 Sogdianos
949 2326 1191 2386 Scythaeus,
1233 2327 1427 2370 Nicanor

43 2406 248 2461 Parthos,
272 2405 501 2466 Philippus
523 2410 769 2467 Hyrcanos,
798 2406 1152 2465 Phrataphernes
1175 2406 1426 2456 Armenios,

42 2484 341 2545 Tleptolemus
370 2488 521 2529 Persas
540 2520 550 2540 ,
574 2488 804 2529 Peucestes
828 2485 1111 2546 Babylonios,
1141 2486 1322 2529 Archon
1345 2487 1426 2528 Pe-

45 2564 206 2626 lasgos,
244 2564 493 2609 Arcesilaus
525 2566 906 2624 Mesopotamiam.
933 2566 1086 2620 Quum
1117 2565 1209 2608 haec
1242 2564 1425 2619 divisio,

45 2644 178 2688 veluti
203 2644 333 2688 fatale
361 2658 539 2699 munus,
564 2643 746 2705 singulis
773 2646 1054 2705 contigisset,
1087 2646 1145 2688 ita
1175 2661 1333 2704 magna
1362 2645 1423 2686 in-

199 2737 225 2764 1.
1172 2740 1200 2783 9
