1783 3282
396 267 585 301 JUSTINI
614 266 959 300 HISTORIARUM
988 268 1074 302 LlB.
1104 269 1182 304 XV.
1415 270 1483 311 ils}

108 353 449 396 instrumentum
467 366 517 392 ac
536 347 744 392 familiam
771 347 980 403 reddidit,
1007 350 1175 408 adjecto
1195 352 1361 394 honore
1385 367 1483 394 ver-

106 432 264 474 borum
286 447 294 473 :
316 430 447 474 «Non
475 445 518 473 se
547 437 727 488 propter
755 426 965 487 praedam,
991 427 1064 469 sed
1094 439 1272 487 propter
1297 429 1485 490 dignita-

105 520 193 553 tem
233 510 362 553 inisse
390 507 577 563 bellum,
613 507 909 568 indignatum,
942 506 1060 566 quod
1104 508 1368 567 Antigonus,
1409 510 1485 553 de-

106 589 228 631 victis
256 588 434 632 diversae
466 587 665 631 factionis
697 586 899 641 ducibus,
930 585 1046 630 solus
1076 588 1322 630 communis
1348 590 1484 632 victo-

105 670 177 711 riae
201 669 378 729 praemia
405 669 700 728 corripuisset.
722 688 741 708 »

168 732 224 792 ΙΪ.
255 750 374 791 Dum
408 748 499 791 haec
531 757 748 808 aguntur,
784 746 1028 792 Cassander
1066 747 1119 791 ab
1153 745 1388 807 Apollonia
1418 763 1486 791 re-

104 828 245 883 diens,
276 827 430 870 incidit
467 827 510 869 in
544 826 796 882 Abderitas,
825 826 899 885 qui
934 836 1116 886 propter
1145 842 1354 870 ranarum
1389 842 1486 870 mu-

102 908 307 966 riumque
329 905 660 949 multitudinem
687 905 840 949 relicto
866 907 1017 966 patriae
1036 904 1150 963 solo,
1173 905 1294 949 sedes
1318 922 1485 966 quaere-

102 988 212 1030 bant
239 1003 248 1029 :
276 987 468 1042 veritus,
503 1003 556 1029 ne
585 986 895 1030 Macedoniam
923 996 1207 1046 occuparent,
1241 985 1352 1029 facta
1384 1002 1485 1046 pac-

102 1068 221 1109 tione
259 1066 304 1109 in
341 1067 591 1110 societatem
624 1082 696 1109 eos
735 1066 917 1126 recepit3
955 1081 1171 1125 agrosque
1212 1065 1263 1108 iis
1307 1064 1485 1109 ultimos

102 1146 371 1189 Macedoniae
407 1147 612 1206 assignat.
649 1145 845 1201 Deinde,
886 1162 938 1188 ne
974 1145 1205 1202 Hercules,
1248 1144 1485 1190 Alexandri

102 1225 238 1282 filius,
270 1226 344 1285 qui
379 1225 468 1268 fere
499 1241 637 1268 annos
669 1224 1002 1284 quatuordecim
1038 1234 1302 1280 excesserat,
1337 1224 1485 1267 favore

101 1305 273 1364 paterni
303 1305 493 1347 nominis
526 1305 569 1346 in
601 1320 785 1364 regnum
823 1303 1094 1346 Macedoniae
1122 1313 1379 1359 vocaretur,
1410 1320 1485 1346 oc-

100 1385 185 1427 cidi
214 1400 314 1427 eum
350 1385 480 1427 tacite
518 1400 618 1426 cum
655 1393 796 1426 matre
824 1384 1004 1426 Barsine
1034 1384 1182 1443 jubet,
1214 1399 1485 1443 corporaque

101 1480 254 1507 eorum
283 1473 401 1506 terra
437 1463 585 1517 obrui,
618 1479 672 1505 ne
697 1462 833 1506 caedes
863 1461 1088 1522 sepultura
1118 1462 1381 1523 proderetur
1408 1479 1416 1506 :
1444 1473 1485 1506 ct

100 1544 223 1603 quasi
251 1560 406 1603 parum
426 1543 630 1585 facinoris
654 1543 697 1584 in
718 1543 812 1602 ipso
838 1543 1029 1602 primum
1059 1559 1183 1603 rege,
1205 1559 1307 1585 mox
1333 1543 1377 1584 in
1398 1559 1487 1585 ma-

101 1633 166 1665 tre
192 1624 283 1683 ejus
310 1621 574 1682 Olympiade
602 1638 650 1664 ac
675 1621 764 1664 filio
794 1621 1063 1674 admisisset,
1092 1620 1281 1664 alterum
1310 1638 1485 1681 quoque

100 1702 239 1745 filium
270 1719 369 1745 cum
399 1712 536 1745 matre
564 1704 766 1757 Roxane,
795 1703 889 1761 pari
918 1702 1069 1745 fraude
1098 1701 1306 1745 interficit
1332 1719 1341 1745 ε
1371 1701 1485 1746 scili-

100 1792 192 1838 cet,
222 1783 346 1842 quasi
386 1799 571 1843 regnum
606 1781 893 1837 Macedoniae,
923 1782 1037 1840 quod
1077 1781 1331 1837 affectabat,
1360 1781 1486 1825 alitor

100 1863 332 1921 consequi,
365 1879 494 1921 quam
516 1861 695 1917 scelere,
728 1878 816 1904 non
846 1871 1003 1921 posset.
1023 1864 1196 1904 Interea
1223 1861 1484 1905 Ptolemaeus

98 1957 198 1984 cum
231 1943 484 1996 Demetrio,
516 1940 661 1984 navali
698 1941 870 2001 proelio,
908 1941 1064 1984 iterato
1103 1941 1407 2002 congreditur,
1443 1952 1485 1984 et

99 2023 256 2065 amissa
281 2021 440 2077 classe,
468 2022 671 2081 hostique
705 2037 910 2064 concessa
938 2021 1138 2077 victoria,
1168 2022 1211 2064 in
1246 2022 1482 2082 AEgyptum

100 2101 272 2161 refugit.
304 2103 559 2144 Demetrius
586 2100 722 2144 fllium
752 2099 975 2143 Ptolemaei
1002 2102 1303 2157 Leontiscum,
1331 2111 1372 2143 et
1400 2100 1483 2143 fra-

100 2191 212 2224 trem
229 2180 478 2224 Menelaum
494 2215 503 2234 ,
522 2182 774 2239 amicosque
793 2181 885 2239 ejus
905 2197 1005 2222 cum
1025 2182 1185 2239 privati
1203 2181 1484 2224 instrumenti

101 2262 341 2304 ministerio
358 2295 368 2316 ,
394 2262 486 2321 pari
512 2271 777 2321 provocatus
796 2271 922 2303 antea
938 2277 1140 2316 munere,
1162 2262 1399 2321 AEgyptum
1416 2278 1484 2304 re-

101 2341 233 2383 mittit
251 2357 258 2382 :
281 2351 323 2383 et
344 2350 393 2383 ut
412 2351 642 2400 appareret
661 2358 733 2383 eos
758 2356 845 2383 non
862 2340 984 2396 odio,
1008 2339 1082 2383 sed
1103 2340 1327 2400 dignitatis
1347 2340 1484 2402 gloria

99 2437 320 2474 accensos,
352 2420 477 2463 donis
506 2421 851 2480 muneribusque
883 2421 997 2463 inter
1032 2420 1124 2480 ipsa
1153 2419 1267 2464 bella
1301 2431 1484 2464 conten-

101 2501 273 2544 debant.
307 2503 449 2544 Tanto
483 2501 709 2544 honestius
746 2511 851 2543 tunc
890 2500 1002 2544 bella
1037 2501 1320 2561 gerebantur,
1350 2519 1481 2561 quam

101 2597 217 2624 nunc
245 2581 446 2624 amicitiae
471 2579 690 2623 coluntur.
719 2583 810 2623 Hac
840 2582 1023 2625 victoria
1052 2582 1190 2625 elatus
1216 2582 1482 2641 Antigonus,

100 2678 246 2721 regem
284 2678 326 2704 se
357 2678 455 2703 cum
484 2662 711 2703 Demetrio
748 2660 835 2703 filio
865 2661 1075 2720 appellari
1104 2679 1124 2703 a
1159 2660 1320 2720 populo
1342 2661 1481 2720 jubet.
