1783 3282
486 220 830 253 HISTORIARUM
861 222 948 255 LIB.
973 223 1072 256 VHl.
1416 224 1458 258 81

94 300 237 361 lippus
270 301 470 360 portione
507 301 660 360 praedae
695 303 833 344 socios
868 302 1132 358 fraudasset,
1169 306 1276 349 nihil
1311 322 1457 351 rerum

92 395 269 422 suarum
294 379 410 438 apud
437 379 634 422 inimicos
654 380 871 422 viderunt.
898 383 1111 423 Reversus
1133 382 1175 423 in
1195 399 1397 443 regnum,
1412 394 1458 428 ut

94 474 249 516 pecora
275 467 469 517 pastores
496 474 611 501 nunc
637 460 680 502 in
707 459 944 517 hybernos,
972 474 1089 501 nunc
1118 460 1162 501 in
1187 463 1353 504 aestivos
1381 463 1460 507 sal-

91 546 159 579 tus
180 537 425 595 trajiciunt,
459 537 519 579 sic
550 536 622 579 ille
650 537 834 597 populos
867 547 908 580 et
938 537 1067 580 urbes
1085 571 1095 591 ,
1124 547 1173 579 ut
1203 537 1264 580 illi
1297 540 1362 582 vel
1388 558 1456 584 re—

89 614 269 674 plenda,
296 615 363 658 vel
391 615 729 675 derelinquenda
762 633 941 676 quaeque
977 616 1069 659 loca
1099 616 1377 674 videbantur,
1404 621 1456 662 ad

87 692 312 736 libidinem
349 712 469 737 suam
507 695 724 737 transfert.
755 695 1002 738 Miseranda
1034 695 1195 754 ubique
1230 694 1384 751 facies,
1415 708 1457 739 et

88 772 255 816 excidio
281 773 432 816 similis
452 783 555 816 erat.
584 773 683 816 Non
708 773 882 831 quidem
910 789 1045 832 pavor
1067 772 1138 815 ille
1164 773 1354 828 hostilis,
1376 791 1455 817 nec

88 850 305 894 discursus
335 867 413 910 per
448 851 601 894 urbem
639 850 828 893 militum
860 861 978 905 erat3
1013 868 1100 894 non
1140 851 1354 895 tumultus
1391 870 1456 896 ar-

84 945 281 981 morum;
310 946 396 972 non
417 929 633 972 bonorum
653 938 782 988 atque
798 929 1026 973 hominum
1045 930 1195 989 rapina
1221 947 1228 972 :
1253 930 1326 973 sed
1351 933 1454 975 taci-

84 1017 152 1050 tus
170 1024 328 1051 moeror
341 1018 383 1051 et
401 1007 560 1064 luctus,
576 1008 846 1063 verentibus,
863 1025 916 1051 ne
936 1010 1035 1068 ipsae
1050 1008 1247 1068 lacrymae
1263 1026 1343 1069 pro
1358 1027 1457 1053 con-

83 1086 273 1129 tumacia
304 1087 583 1129 haberentur.
617 1088 784 1130 Crescit
808 1086 1150 1130 dissimulatione
1182 1088 1273 1147 ipsa
1302 1088 1451 1143 dolor,

81 1164 165 1207 hoc
184 1164 313 1208 altius
329 1165 554 1218 demissus,
570 1182 656 1224 quo
676 1165 820 1208 minus
835 1165 1029 1224 profiteri
1046 1165 1158 1208 licet.
1175 1167 1304 1209 Nunc
1316 1167 1452 1226 sepul-

83 1260 155 1286 cra
184 1245 419 1303 majorum,
445 1260 562 1286 nunc
586 1252 750 1286 veteres
775 1253 968 1302 penateS,
995 1260 1111 1286 nunc
1136 1253 1267 1299 tecta,
1295 1246 1337 1286 in
1353 1247 1450 1304 qui-

80 1322 159 1364 bus
174 1323 310 1382 geniti
328 1332 449 1365 erant
462 1356 473 1378 ,
497 1323 540 1364 in
559 1322 802 1381 quibusque
818 1332 1075 1381 genuerant,
1100 1322 1448 1367 considerabant:

80 1401 334 1444 miserantes
352 1418 466 1444 nunc
482 1402 619 1444 vicem
636 1417 776 1457 suam,
793 1400 910 1460 quod
924 1401 967 1443 in
982 1418 1076 1444 eam
1092 1401 1205 1444 diem
1219 1403 1447 1456 vixissent3

79 1495 198 1522 nunc
220 1479 433 1535 filiorum,
458 1479 576 1539 quod
601 1496 688 1523 non
715 1489 812 1539 post
837 1496 930 1523 eam
959 1480 1072 1523 diem
1099 1480 1187 1523 nati
1211 1490 1364 1523 essent.

140 1559 216 1602 VI.
243 1558 362 1603 Alios
396 1558 578 1618 populos
607 1560 651 1602 in
676 1558 834 1602 finibus
874 1560 976 1618 ipsis
1009 1559 1207 1602 hostibus
1241 1561 1443 1619 opponit;

77 1636 182 1680 alios
202 1638 247 1680 in
267 1639 469 1681 extremis
484 1638 632 1699 (regni
647 1637 870 1698 terminis)
898 1639 1076 1692 statuit;
1097 1637 1307 1697 quosdam
1330 1638 1441 1681 bello

76 1726 224 1775 captos
251 1717 295 1758 in
314 1715 627 1776 supplementis
646 1716 821 1759 urbium
841 1716 1020 1770 dividit3
1041 1726 1170 1775 atque
1190 1717 1249 1759 ita
1267 1733 1317 1760 ex
1335 1716 1444 1760 mul-

75 1795 127 1837 tis
163 1795 365 1855 gentibus
397 1795 732 1855 nationibusque
764 1811 897 1838 unum
926 1811 1110 1855 regnum
1144 1795 1442 1855 populumque

72 1874 312 1916 constituit.
352 1875 618 1933 Compositis
654 1873 950 1934 ordinatisque
988 1873 1254 1917 Macedoniae
1289 1875 1439 1927 rebus,

70 1952 321 2008 Dardanos,
349 1962 601 2011 ceterosque
625 1952 832 1996 finitimos
856 1953 1008 1996 fraude
1031 1962 1180 2013 captos
1207 1963 1436 2013 expugnat.

70 2031 153 2074 Sed
179 2048 257 2074 nec
281 2048 304 2074 a
328 2032 537 2091 proximis
558 2048 711 2075 manus
738 2033 950 2076 abstinet:
968 2032 1180 2092 siquidem
1203 2033 1436 2092 Arrybam,

70 2127 214 2170 regem
232 2111 375 2170 Epiri,
394 2112 519 2154 uxori
541 2127 625 2153 suae
648 2110 896 2170 Olympiadi
920 2112 1157 2154 arctissima
1182 2112 1437 2171 cognatione

66 2189 290 2247 junctum,
317 2188 477 2249 pellere
503 2206 637 2250 regno
663 2191 841 2243 statuit;
862 2200 990 2248 atque
1014 2189 1332 2245 Alexandrum,
1354 2191 1437 2249 pri·

68 2268 247 2327 vignum
273 2270 384 2327 ejus,
415 2269 559 2311 uxoris
594 2268 865 2328 Olympiadis
898 2268 1105 2325 fratrem,
1141 2285 1324 2328 puerum
1355 2268 1434 2311 ho-

68 2356 198 2390 nestae
224 2346 582 2406 pulchritudinis,
601 2348 643 2390 in
665 2347 966 2390 Macedoniam
987 2349 1162 2390 nomine
1188 2348 1346 2391 sororis
1370 2364 1435 2390 ar-

66 2426 217 2481 cessit,
250 2426 454 2484 omnique
478 2425 621 2468 studio
648 2425 930 2469 sollicitatum
957 2443 1029 2486 spe
1055 2427 1203 2487 regni,
1232 2425 1433 2469 simulato

66 2520 236 2559 amore,
263 2504 316 2546 ad
345 2504 484 2563 stupri
506 2505 863 2548 consuetudinem
888 2505 1102 2565 perpulit,
1127 2505 1291 2564 majora
1315 2506 1356 2547 in
1383 2522 1432 2546 eo

66 2583 272 2642 obsequia
300 2583 546 2637 habiturus,
580 2583 667 2625 sive
687 2584 958 2626 conscientiae
985 2584 1168 2643 pudore,
1194 2584 1281 2626 sive
1311 2584 1430 2642 regni

231 2675 259 2701 1.
1209 2660 1237 2702 6
