1783 3282
384 270 395 291 ι
407 263 424 298 l.
967 257 1155 292 JUSTINI

380 342 546 402 luptate
570 341 752 383 Veneris
787 340 982 384 futurum
1000 374 1010 393 ,
1042 339 1160 399 quod
1188 339 1343 382 evenit.
1368 341 1546 382 Postera
1574 337 1643 380 die
1669 338 1749 380 ita-

378 437 481 480 que,
504 436 638 479 quum
663 418 717 463 ad
740 428 947 462 statutam
965 419 1118 462 horam
1143 434 1293 461 omnes
1316 418 1642 469 convenissent,
1664 418 1750 459 Da-

379 500 431 542 rii
463 516 619 560 equus,
649 499 826 558 cognito
855 497 971 552 loco,
999 514 1051 541 ex
1084 496 1299 540 desiderio
1329 496 1498 539 feminae
1524 495 1746 538 hinnitum

379 579 522 622 statim
545 578 679 621 edidit
699 594 706 620 :
731 587 794 632 et,
817 576 1021 636 segnibus
1042 575 1158 629 aliis,
1180 574 1281 619 felix
1302 575 1543 635 auspicium
1570 574 1748 617 domino

379 658 545 717 primus
568 657 722 700 emisit.
749 658 889 699 Tanta
911 654 1153 698 moderatio
1176 655 1329 697 ceteris
1349 653 1451 708 fuit,
1477 652 1628 697 audito
1649 669 1747 696 aus-

377 737 510 797 picio,
541 746 590 779 ut
620 735 846 779 confestim
875 735 995 794 equis
1025 733 1289 788 desilierint,
1318 743 1361 776 et
1390 733 1576 776 Darium
1603 748 1746 792 regem

376 815 669 860 salutaverint.
701 813 896 874 Populus
927 829 1101 873 quoque
1137 813 1388 865 universus,
1429 821 1602 855 secutus
1630 811 1746 871 judi-

375 896 491 938 cium
515 894 765 954 principum
780 926 791 946 ,
819 891 1003 936 eundem
1026 908 1172 953 regem
1195 891 1435 934 constituit.
1469 891 1538 934 Sic
1562 906 1746 951 regnum

377 976 604 1017 Persarum
619 1008 630 1027 ,
653 982 814 1033 septem
839 970 1211 1014 nobilissimorum
1230 972 1423 1014 virorum
1443 971 1605 1014 virtute
1626 986 1744 1030 quae-

375 1054 505 1097 situm
526 1086 536 1107 ,
561 1062 649 1095 tam
672 1050 755 1095 levi
783 1060 1004 1095 momento
1028 1051 1071 1093 in
1101 1066 1239 1093 unum
1263 1048 1471 1093 collatum
1498 1059 1573 1093 est.
1600 1051 1747 1094 Incre-

373 1130 504 1174 dibile
532 1147 732 1191 prorsus,
759 1139 881 1173 tanta
914 1130 1123 1189 patientia
1146 1129 1321 1172 cessisse
1344 1145 1419 1182 eo,
1448 1129 1567 1188 quod
1592 1139 1642 1172 ut
1665 1130 1747 1173 eri-

373 1221 524 1270 perent
550 1211 714 1270 Magis,
742 1210 855 1253 mori
881 1226 969 1252 non
1000 1209 1309 1252 recusaverint.
1348 1209 1615 1268 Quanquam
1644 1224 1747 1268 prae-

372 1300 436 1334 ter
459 1290 666 1344 formam,
708 1290 1000 1348 virtutemque
1035 1289 1119 1333 hoc
1157 1289 1342 1348 imperio
1379 1287 1577 1348 dignam,
1613 1289 1744 1332 etiam

373 1370 575 1430 cognatio
597 1370 732 1413 Dario
751 1370 903 1428 juncta
927 1385 1025 1411 cum
1049 1368 1243 1428 pristinis
1266 1367 1442 1427 regibus
1463 1366 1557 1410 fuit.
1579 1368 1747 1410 Princi-

372 1450 442 1508 pio
458 1450 591 1508 igitur
608 1449 749 1508 regni,
767 1449 870 1508 Cyri
887 1450 998 1508 regis
1013 1446 1148 1491 filiam
1163 1448 1207 1490 in
1221 1446 1550 1490 matrimonium
1563 1447 1743 1506 recepit,

370 1526 586 1588 regalibus
609 1528 772 1586 nuptiis
794 1544 978 1587 regnum
1001 1527 1252 1570 firmaturus
1272 1543 1281 1568 z
1304 1536 1352 1569 ut
1375 1542 1462 1569 non
1489 1536 1578 1569 tam
1604 1527 1647 1569 in
1670 1543 1741 1569 ex-

370 1617 568 1650 traneum
582 1605 864 1662 translatum,
882 1623 1013 1665 quam
1029 1606 1073 1648 in
1088 1603 1296 1649 familiam
1312 1606 1415 1664 Cyri
1436 1621 1659 1649 reversum
1682 1607 1743 1648 vi-

369 1686 555 1729 deretur.
580 1686 816 1744 Interjecto
847 1684 1000 1727 deinde
1023 1694 1243 1743 tempore,
1268 1699 1405 1743 quum
1426 1685 1590 1743 Assyrii
1613 1684 1745 1728 desci-

368 1765 552 1820 vissent,
576 1774 618 1808 et
653 1763 935 1824 Babyloniam
971 1772 1275 1822 occupassent,
1307 1761 1582 1823 difficilisque
1620 1764 1741 1807 urbis

368 1846 631 1905 expugnatio
654 1854 783 1899 esset3
808 1852 1015 1887 aestuante
1038 1859 1157 1903 rege,
1180 1859 1292 1886 unus
1312 1842 1365 1885 de
1387 1843 1742 1887 interfectoribus

367 1926 624 1985 Magorum,
648 1926 841 1983 Zopyrus
866 1923 982 1966 domi
1004 1939 1046 1966 se
1067 1923 1321 1965 verberibus
1338 1921 1521 1966 lacerari
1539 1932 1631 1966 toto
1647 1940 1741 1967 cor-

367 2020 470 2063 pore
490 2005 825 2063 jubetznasum,
849 2020 998 2052 aures,
1025 2012 1068 2045 et
1083 2001 1196 2045 labia
1209 2002 1290 2045 sibi
1314 2001 1655 2062 praecidi3atque
1679 2005 1739 2047 ita

365 2085 456 2143 regi
479 2085 721 2143 inopinanti
750 2100 792 2126 se
820 2082 959 2126 offert.
984 2083 1256 2137 Attonitum,
1283 2092 1325 2125 et
1353 2092 1619 2141 quaerentem
1649 2085 1738 2127 Da-

365 2164 478 2206 rium
503 2179 676 2218 causas,
708 2172 1016 2221 auctoremque
1043 2172 1132 2205 tam
1159 2161 1281 2205 foedae
1309 2161 1585 2206 lacerationis
1601 2197 1612 2219 ,
1637 2165 1738 2207 taci-

366 2252 452 2297 tus,
476 2258 562 2300 quo
585 2243 807 2302 proposito
832 2241 1000 2297 fecerit,
1024 2241 1195 2295 edocet;
1217 2241 1490 2301 formatoque
1513 2242 1556 2284 in
1587 2241 1735 2286 futura

363 2319 570 2376 consilio,
597 2320 828 2381 transfugae
861 2320 989 2364 titulo
1023 2320 1305 2381 Babyloniam
1338 2320 1641 2380 proficiscitur.
1666 2322 1733 2365 Ibi

363 2400 554 2443 ostendit
575 2399 736 2460 populo
764 2400 970 2443 laniatum
999 2417 1156 2460 corpus
1176 2417 1184 2443 :
1210 2401 1407 2460 queritur
1429 2399 1731 2444 crudelitatem

363 2481 494 2540 regis,
519 2496 542 2522 a
558 2496 644 2539 quo
665 2481 707 2522 in
726 2481 848 2540 regni
868 2481 1094 2539 petitione,
1118 2497 1205 2523 non
1224 2480 1406 2536 virtute,
1426 2480 1500 2524 sed
1519 2480 1732 2539 auspicio;

364 2576 449 2601 non
469 2559 633 2618 judicio
656 2559 902 2613 hominum,
921 2559 994 2602 sed
1017 2560 1190 2603 hinnitu
1203 2562 1303 2620 equi
1327 2569 1552 2620 superatus
1577 2560 1734 2619 sit:ju-

362 2638 434 2681 bet
450 2637 545 2681 illos
560 2655 610 2681 ex
628 2639 776 2681 amicis
797 2637 1040 2698 exemplum
1057 2655 1226 2699 capere,
1244 2639 1348 2699 quid
1365 2638 1563 2682 hostibus
1582 2655 1736 2682 caven-
