1783 3282
445 255 796 289 HISTORIARUM
826 257 916 290 LIB.
950 258 1088 292 XVIII.
1381 259 1449 293 163

152 339 226 380 IV.
266 339 357 379 Hoc
390 338 523 396 igitur
556 337 685 379 modo
715 337 832 396 Tyrii
862 337 1095 381 Alexandri
1123 342 1323 400 auspiciis
1352 357 1452 384 con-

89 415 186 470 diti,
202 415 467 475 parcimonia
483 425 525 457 et
544 414 691 458 labore
707 414 929 474 quaerendi
949 416 1035 457 cito
1055 417 1323 462 convaluere.
1341 422 1452 463 Ante

90 493 254 537 cladem
275 493 550 536 dominorum
568 510 704 553 quum
724 503 766 536 et
785 493 941 554 opibus
962 502 1004 536 et
1024 492 1302 539 multitudine
1319 498 1452 540 abun-

88 571 265 628 darent,
290 574 420 615 missa
445 573 488 615 in
512 572 702 616 Africam
726 573 978 632 juventute,
1002 573 1175 615 Uticam
1196 574 1450 626 condidere;

89 667 225 708 quum
247 651 433 694 'interim
464 667 538 694 rex
565 653 680 710 Tyro
717 651 910 706 decedit,
948 650 1036 694 filio
1070 649 1373 711 Pygmalione,
1410 665 1452 696 et

88 727 226 771 Elissa
247 728 354 785 filia,
378 731 559 790 insignis
582 729 728 772 formae
754 730 945 790 virgine,
972 729 1202 773 heredibus
1228 730 1450 774 institutis.

89 807 172 850 Sed
198 807 386 867 populus
412 806 682 868 Pygmalioni
707 807 939 850 admodum
963 824 1099 868 puero
1122 824 1304 869 regnum
1325 810 1453 852 tradi-

88 885 162 928 dit.
190 885 328 928 Elissa
347 902 521 944 quoque
545 885 720 930 Acerbae
739 885 955 929 avunculo
984 902 1086 942 suo,
1113 886 1325 930 sacerdoti
1344 891 1452 931 Her-

87 963 193 1006 culis
208 998 219 1018 ,
243 964 320 1023 qui
344 964 483 1007 honos
509 964 721 1007 secundus
748 981 773 1007 a
798 980 898 1024 rege
923 974 1034 1020 erat,
1059 965 1197 1008 nubit.
1224 967 1337 1009 Huic
1359 983 1447 1010 ma-

89 1058 183 1102 gnae
197 1076 208 1098 ,
229 1042 303 1085 sed
317 1041 593 1085 dissimulatae
613 1059 715 1103 opes
730 1052 876 1097 erant,
897 1059 1139 1102 aurumque
1152 1077 1163 1099 ,
1183 1054 1301 1087 metu
1319 1047 1450 1106 regis,

88 1137 177 1164 non
201 1122 344 1176 tectis,
366 1121 439 1164 sed
466 1131 589 1165 terrae
608 1120 848 1164 crediderat
867 1138 875 1164 ε
896 1138 1026 1180 quam
1050 1138 1139 1165 rem
1160 1124 1239 1166 etsi
1256 1123 1450 1168 homines

88 1199 372 1259 ignorabant,
396 1199 509 1242 fama
534 1209 677 1243 tamen
703 1199 974 1259 loquebatur.
996 1201 1097 1257 Qua
1122 1201 1324 1245 incensus
1344 1204 1451 1263 Pyg-

86 1277 273 1333 malion,
299 1277 459 1321 oblitus
485 1279 596 1337 juris
629 1278 828 1334 humani,
862 1277 1128 1322 avunculum
1153 1296 1302 1336 suum,
1329 1298 1450 1324 eum-

85 1357 269 1416 demque
296 1373 528 1417 generum,
557 1358 648 1400 sine
671 1366 868 1418 respectu
898 1358 1086 1418 pietatis,
1122 1359 1290 1402 occidit.

132 1435 270 1479 Elissa
279 1435 353 1479 diu
366 1435 541 1480 fratrem
557 1445 736 1496 propter
751 1434 887 1479 scelus
899 1446 1092 1480 aversata
1099 1436 1154 1480 ad
1166 1447 1446 1497 postremum,

85 1513 353 1558 dissimulato
367 1514 489 1571 odio,
508 1515 791 1575 mitigatoque
809 1515 980 1558 interim
997 1514 1141 1572 vultu,
1156 1516 1303 1577 fugam
1319 1520 1447 1562 tacito

84 1594 281 1651 molitur,
309 1595 539 1655 assumptis
558 1594 815 1654 quibusdam
830 1595 1099 1655 principibus
1120 1596 1163 1638 in
1180 1597 1446 1654 societatem,

83 1674 241 1733 quibus
272 1690 351 1734 par
384 1673 531 1717 odium
562 1674 605 1716 in
640 1689 783 1733 regem
810 1689 921 1730 esse,
948 1673 1228 1733 eamdemque
1253 1674 1446 1735 fugiendi

83 1752 364 1813 cupiditatem
385 1753 688 1796 arbitrabatur.
711 1755 834 1795 Tunc
859 1752 1034 1795 fratrem
1054 1751 1153 1796 dolo
1171 1754 1444 1814 aggreditur:

82 1831 231 1892 fingit,
259 1849 334 1876 «se
359 1832 414 1875 ad
444 1848 541 1875 eum
576 1832 761 1892 migrare
792 1830 925 1886 velle,
952 1847 1006 1874 ne
1029 1830 1212 1892 amplius
1242 1833 1279 1875 ei
1304 1836 1446 1878 mariti

82 1910 257 1966 domus,
281 1910 447 1971 cupidae
474 1910 701 1955 oblivionis
718 1944 729 1966 ,
756 1927 929 1971 gravem
958 1909 1099 1954 luctus
1129 1911 1359 1972 imaginem
1382 1931 1447 1957 re·

81 1999 234 2045 novet,
261 2006 340 2033 nec
362 1989 477 2033 ultro
498 2006 643 2033 amara
663 1989 901 2033 admonitio
929 1989 1064 2033 oculis
1084 1991 1176 2049 ejus
1197 2003 1408 2036 occurrat.
1426 2013 1445 2033 »

80 2069 180 2111 Non
198 2069 359 2111 invitus
381 2067 635 2129 Pygmalion
660 2068 788 2111 verba
809 2069 968 2111 sororis
989 2068 1173 2125 audivit,
1199 2070 1444 2114 existimans

80 2164 178 2190 cum
204 2164 254 2190 ea
280 2157 321 2190 et
354 2164 509 2190 aurum
540 2147 718 2191 Acerbae
754 2146 807 2189 ad
838 2163 880 2189 se
913 2157 1159 2191 venturum.
1193 2148 1275 2192 Sed
1307 2148 1445 2193 Elissa

78 2227 298 2270 ministros
321 2226 591 2286 migrationis
612 2242 636 2268 a
662 2241 761 2285 rege
781 2226 952 2280 missos,
974 2226 1157 2269 navibus
1188 2243 1285 2270 cum
1306 2230 1444 2271 omni-

80 2306 160 2348 bus
186 2305 341 2365 opibus
366 2305 453 2348 suis
482 2305 622 2365 prima
647 2320 823 2364 vespera
852 2305 1056 2364 imponit,
1083 2315 1374 2365 provectaque
1400 2308 1442 2349 in

79 2383 234 2439 altum,
260 2382 478 2443 compellit
503 2399 574 2426 eos
607 2399 739 2426 onera
771 2399 930 2438 arenae,
959 2399 1039 2442 pro
1068 2385 1251 2443 pecunia
1277 2384 1445 2428 involu-

80 2464 162 2505 cris
184 2461 401 2517 involuta,
423 2463 466 2504 in
491 2478 608 2504 mare
629 2462 823 2520 dejicere.
843 2464 966 2505 Tunc
991 2461 1150 2505 deflens
1178 2465 1292 2523 ipsa,
1318 2463 1444 2524 lugu-

80 2543 232 2602 brique
265 2558 369 2584 voce
403 2541 613 2585 Acerbam
650 2542 730 2583 ciet
759 2558 767 2583 :
792 2550 907 2596 orat,
933 2552 1008 2584 «ut
1044 2541 1180 2585 libens
1213 2560 1314 2602 opes
1348 2560 1443 2586 suas

81 2623 282 2682 recipiat,
307 2638 413 2680 quas
447 2619 702 2680 reliquerat3
736 2620 977 2679 habeatque
1006 2622 1198 2676 inferias,
1227 2639 1332 2680 quas
1369 2623 1442 2664 ha-

1188 2717 1199 2743 1
1220 2717 1252 2742 ε.
