<?xml version="1.0" encoding="UTF-8"?>
<!DOCTYPE html PUBLIC "-//W3C//DTD XHTML 1.0 Transitional//EN"
    "http://www.w3.org/TR/xhtml1/DTD/xhtml1-transitional.dtd">
<html xmlns="http://www.w3.org/1999/xhtml" xml:lang="en" lang="en">
 <head>
  <title>
</title>
<meta http-equiv="Content-Type" content="text/html;charset=utf-8" />
  <meta name='ocr-system' content='tesseract 3.04.00' />
  <meta name='ocr-capabilities' content='ocr_page ocr_carea ocr_par ocr_line ocrx_word'/>
</head>
<body>
  <div class='ocr_page' id='page_1' title='image "./historiarumphili01justuoft_0167.png"; bbox 0 0 1783 3282; ppageno 0'>
   <div class='ocr_carea' id='block_1_1' title="bbox 418 285 1503 334">
    <p class='ocr_par' dir='ltr' id='par_1_1' title="bbox 418 285 1503 334">
     <span class='ocr_line' id='line_1_1' title="bbox 418 285 1503 334; baseline 0 -16"><span class='ocrx_word' id='word_1_1' title='bbox 418 285 610 320; x_wconf 87' lang='lat' dir='ltr'><strong>JUSTINI</strong></span> <span class='ocrx_word' id='word_1_2' title='bbox 639 285 983 319; x_wconf 80' lang='lat' dir='ltr'><strong>HISTORIARUM</strong></span> <span class='ocrx_word' id='word_1_3' title='bbox 1013 287 1099 319; x_wconf 91' lang='lat' dir='ltr'>LIB.</span> <span class='ocrx_word' id='word_1_4' title='bbox 1126 288 1227 321; x_wconf 58' lang='lat' dir='ltr'><strong>XVI.</strong></span> <span class='ocrx_word' id='word_1_5' title='bbox 1432 289 1503 334; x_wconf 69' lang='lat'><strong>149</strong></span> 
     </span>
    </p>
   </div>
   <div class='ocr_carea' id='block_1_2' title="bbox 137 366 1517 2644">
    <p class='ocr_par' dir='ltr' id='par_1_2' title="bbox 137 366 1517 1691">
     <span class='ocr_line' id='line_1_2' title="bbox 139 366 1505 410; baseline -0.001 0"><span class='ocrx_word' id='word_1_6' title='bbox 139 369 257 410; x_wconf 88' lang='lat' dir='ltr'><strong>omni</strong></span> <span class='ocrx_word' id='word_1_7' title='bbox 286 366 440 409; x_wconf 87' lang='lat' dir='ltr'><strong>militia</strong></span> <span class='ocrx_word' id='word_1_8' title='bbox 467 367 596 410; x_wconf 89' lang='lat' dir='ltr'><strong>fuisse</strong></span> <span class='ocrx_word' id='word_1_9' title='bbox 621 385 629 410; x_wconf 76' lang='grc' dir='ltr'>ε</span> <span class='ocrx_word' id='word_1_10' title='bbox 656 367 892 410; x_wconf 87' lang='lat' dir='ltr'><strong>liberorum</strong></span> <span class='ocrx_word' id='word_1_11' title='bbox 919 366 1074 408; x_wconf 87' lang='lat' dir='ltr'><strong>deinde</strong></span> <span class='ocrx_word' id='word_1_12' title='bbox 1098 368 1331 410; x_wconf 76' lang='lat' dir='ltr'>Alexandri</span> <span class='ocrx_word' id='word_1_13' title='bbox 1359 368 1505 410; x_wconf 86' lang='lat' dir='ltr'><strong>minis-</strong></span> 
     </span>
     <span class='ocr_line' id='line_1_3' title="bbox 139 444 1502 506; baseline 0 -18"><span class='ocrx_word' id='word_1_14' title='bbox 139 456 280 501; x_wconf 87' lang='lat' dir='ltr'><strong>trum,</strong></span> <span class='ocrx_word' id='word_1_15' title='bbox 311 455 352 488; x_wconf 90' lang='lat' dir='ltr'><strong>et</strong></span> <span class='ocrx_word' id='word_1_16' title='bbox 382 445 436 488; x_wconf 85' lang='lat' dir='ltr'><strong>ad</strong></span> <span class='ocrx_word' id='word_1_17' title='bbox 463 446 784 506; x_wconf 86' lang='lat' dir='ltr'><strong>persequendos</strong></span> <span class='ocrx_word' id='word_1_18' title='bbox 817 444 1054 488; x_wconf 85' lang='lat' dir='ltr'><strong>defectores</strong></span> <span class='ocrx_word' id='word_1_19' title='bbox 1087 445 1240 487; x_wconf 88' lang='lat' dir='ltr'><strong>ducem</strong></span> <span class='ocrx_word' id='word_1_20' title='bbox 1279 446 1502 489; x_wconf 82' lang='lat' dir='ltr'><strong>exstitisse.</strong></span> 
     </span>
     <span class='ocr_line' id='line_1_4' title="bbox 137 522 1502 583; baseline 0.001 -17"><span class='ocrx_word' id='word_1_21' title='bbox 137 525 301 566; x_wconf 85' lang='lat' dir='ltr'><strong>Contra</strong></span> <span class='ocrx_word' id='word_1_22' title='bbox 330 526 630 583; x_wconf 75' lang='lat' dir='ltr'>Antipatrum,</span> <span class='ocrx_word' id='word_1_23' title='bbox 657 541 786 567; x_wconf 88' lang='lat' dir='ltr'><strong>avum</strong></span> <span class='ocrx_word' id='word_1_24' title='bbox 811 524 970 567; x_wconf 90' lang='lat' dir='ltr'><strong>horum</strong></span> <span class='ocrx_word' id='word_1_25' title='bbox 995 522 1334 566; x_wconf 89' lang='lat' dir='ltr'><strong>adolescentium</strong></span> <span class='ocrx_word' id='word_1_26' title='bbox 1351 558 1361 577; x_wconf 93' lang='lat'><strong>,</strong></span> <span class='ocrx_word' id='word_1_27' title='bbox 1385 540 1502 567; x_wconf 88' lang='lat' dir='ltr'><strong>ama-</strong></span> 
     </span>
     <span class='ocr_line' id='line_1_5' title="bbox 137 601 1502 663; baseline 0 -19"><span class='ocrx_word' id='word_1_28' title='bbox 137 603 298 645; x_wconf 88' lang='lat' dir='ltr'><strong>riorem</strong></span> <span class='ocrx_word' id='word_1_29' title='bbox 313 619 482 663; x_wconf 83' lang='lat' dir='ltr'><strong>semper</strong></span> <span class='ocrx_word' id='word_1_30' title='bbox 504 604 752 646; x_wconf 84' lang='lat' dir='ltr'><strong>ministrum</strong></span> <span class='ocrx_word' id='word_1_31' title='bbox 774 604 913 662; x_wconf 82' lang='lat' dir='ltr'><strong>regni,</strong></span> <span class='ocrx_word' id='word_1_32' title='bbox 933 618 1063 661; x_wconf 86' lang='lat' dir='ltr'><strong>quam</strong></span> <span class='ocrx_word' id='word_1_33' title='bbox 1082 602 1197 661; x_wconf 88' lang='lat' dir='ltr'><strong>ipsos</strong></span> <span class='ocrx_word' id='word_1_34' title='bbox 1220 617 1342 660; x_wconf 83' lang='lat' dir='ltr'><strong>reges</strong></span> <span class='ocrx_word' id='word_1_35' title='bbox 1361 601 1502 644; x_wconf 88' lang='lat' dir='ltr'><strong>fuisse.</strong></span> 
     </span>
     <span class='ocr_line' id='line_1_6' title="bbox 137 678 1505 741; baseline -0.002 -17"><span class='ocrx_word' id='word_1_36' title='bbox 137 681 429 724; x_wconf 78' lang='lat' dir='ltr'><strong>Cassandrum</strong></span> <span class='ocrx_word' id='word_1_37' title='bbox 445 698 548 724; x_wconf 84' lang='lat' dir='ltr'><strong>vero</strong></span> <span class='ocrx_word' id='word_1_38' title='bbox 563 692 750 741; x_wconf 88' lang='lat' dir='ltr'><strong>patrem,</strong></span> <span class='ocrx_word' id='word_1_39' title='bbox 765 682 1073 724; x_wconf 84' lang='lat' dir='ltr'><strong>exstinctorem</strong></span> <span class='ocrx_word' id='word_1_40' title='bbox 1090 680 1218 739; x_wconf 83' lang='lat' dir='ltr'><strong>regiae</strong></span> <span class='ocrx_word' id='word_1_41' title='bbox 1232 678 1403 733; x_wconf 88' lang='lat' dir='ltr'><strong>domus,</strong></span> <span class='ocrx_word' id='word_1_42' title='bbox 1421 696 1505 722; x_wconf 88' lang='lat' dir='ltr'><strong>non</strong></span> 
     </span>
     <span class='ocr_line' id='line_1_7' title="bbox 138 756 1509 819; baseline -0.002 -17"><span class='ocrx_word' id='word_1_43' title='bbox 138 759 334 815; x_wconf 88' lang='lat' dir='ltr'><strong>feminis,</strong></span> <span class='ocrx_word' id='word_1_44' title='bbox 361 776 449 803; x_wconf 92' lang='lat' dir='ltr'><strong>non</strong></span> <span class='ocrx_word' id='word_1_45' title='bbox 469 760 614 819; x_wconf 90' lang='lat' dir='ltr'><strong>pueris</strong></span> <span class='ocrx_word' id='word_1_46' title='bbox 637 761 898 819; x_wconf 72' lang='lat' dir='ltr'><strong>pepercisse,</strong></span> <span class='ocrx_word' id='word_1_47' title='bbox 917 775 996 801; x_wconf 88' lang='lat' dir='ltr'><strong>nec</strong></span> <span class='ocrx_word' id='word_1_48' title='bbox 1023 774 1228 813; x_wconf 80' lang='lat' dir='ltr'><strong>cessasse,</strong></span> <span class='ocrx_word' id='word_1_49' title='bbox 1254 756 1398 816; x_wconf 88' lang='lat' dir='ltr'><strong>quoad</strong></span> <span class='ocrx_word' id='word_1_50' title='bbox 1419 773 1509 799; x_wconf 88' lang='lat' dir='ltr'><strong>om-</strong></span> 
     </span>
     <span class='ocr_line' id='line_1_8' title="bbox 138 835 1509 898; baseline -0.001 -17"><span class='ocrx_word' id='word_1_51' title='bbox 138 854 238 881; x_wconf 88' lang='lat' dir='ltr'><strong>nem</strong></span> <span class='ocrx_word' id='word_1_52' title='bbox 266 840 444 897; x_wconf 83' lang='lat' dir='ltr'><strong>stirpem</strong></span> <span class='ocrx_word' id='word_1_53' title='bbox 468 839 594 898; x_wconf 82' lang='lat' dir='ltr'><strong>regiae</strong></span> <span class='ocrx_word' id='word_1_54' title='bbox 622 837 780 881; x_wconf 91' lang='lat' dir='ltr'><strong>sobolis</strong></span> <span class='ocrx_word' id='word_1_55' title='bbox 810 837 984 880; x_wconf 89' lang='lat' dir='ltr'><strong>deleret.</strong></span> <span class='ocrx_word' id='word_1_56' title='bbox 1010 839 1178 880; x_wconf 90' lang='lat' dir='ltr'><strong>Horum</strong></span> <span class='ocrx_word' id='word_1_57' title='bbox 1201 835 1411 880; x_wconf 91' lang='lat' dir='ltr'><strong>scelerum</strong></span> <span class='ocrx_word' id='word_1_58' title='bbox 1442 836 1509 879; x_wconf 88' lang='lat' dir='ltr'><strong>ul—</strong></span> 
     </span>
     <span class='ocr_line' id='line_1_9' title="bbox 140 916 1512 977; baseline -0.001 -18"><span class='ocrx_word' id='word_1_59' title='bbox 140 917 322 972; x_wconf 81' lang='lat' dir='ltr'><strong>tionem,</strong></span> <span class='ocrx_word' id='word_1_60' title='bbox 351 918 451 976; x_wconf 87' lang='lat' dir='ltr'><strong>quia</strong></span> <span class='ocrx_word' id='word_1_61' title='bbox 490 919 709 977; x_wconf 86' lang='lat' dir='ltr'><strong>nequisset</strong></span> <span class='ocrx_word' id='word_1_62' title='bbox 745 918 798 960; x_wconf 90' lang='lat' dir='ltr'><strong>ab</strong></span> <span class='ocrx_word' id='word_1_63' title='bbox 830 918 923 977; x_wconf 89' lang='lat' dir='ltr'><strong>ipso</strong></span> <span class='ocrx_word' id='word_1_64' title='bbox 955 916 1200 961; x_wconf 88' lang='lat' dir='ltr'><strong>Cassandro</strong></span> <span class='ocrx_word' id='word_1_65' title='bbox 1226 917 1398 976; x_wconf 79' lang='lat' dir='ltr'><strong>exigere</strong></span> <span class='ocrx_word' id='word_1_66' title='bbox 1418 950 1428 970; x_wconf 97' lang='lat'><strong>,</strong></span> <span class='ocrx_word' id='word_1_67' title='bbox 1458 916 1512 959; x_wconf 88' lang='lat' dir='ltr'><strong>ad</strong></span> 
     </span>
     <span class='ocr_line' id='line_1_10' title="bbox 139 994 1511 1055; baseline 0 -17"><span class='ocrx_word' id='word_1_68' title='bbox 139 995 297 1038; x_wconf 86' lang='lat' dir='ltr'><strong>liberos</strong></span> <span class='ocrx_word' id='word_1_69' title='bbox 327 997 418 1055; x_wconf 88' lang='lat' dir='ltr'><strong>ejus</strong></span> <span class='ocrx_word' id='word_1_70' title='bbox 448 995 716 1039; x_wconf 78' lang='lat' dir='ltr'><strong>translatam.</strong></span> <span class='ocrx_word' id='word_1_71' title='bbox 744 997 1045 1053; x_wconf 83' lang='lat' dir='ltr'><strong>Quamobrem</strong></span> <span class='ocrx_word' id='word_1_72' title='bbox 1079 995 1208 1038; x_wconf 88' lang='lat' dir='ltr'><strong>etiam</strong></span> <span class='ocrx_word' id='word_1_73' title='bbox 1235 994 1511 1055; x_wconf 79' lang='lat' dir='ltr'><strong>Philippum,</strong></span> 
     </span>
     <span class='ocr_line' id='line_1_11' title="bbox 137 1073 1513 1134; baseline -0.001 -17"><span class='ocrx_word' id='word_1_74' title='bbox 137 1073 544 1134; x_wconf 85' lang='lat' dir='ltr'><strong>Alexandrumque,</strong></span> <span class='ocrx_word' id='word_1_75' title='bbox 571 1076 604 1118; x_wconf 90' lang='lat' dir='ltr'><strong>si</strong></span> <span class='ocrx_word' id='word_1_76' title='bbox 636 1076 732 1134; x_wconf 91' lang='lat' dir='ltr'><strong>quis</strong></span> <span class='ocrx_word' id='word_1_77' title='bbox 760 1075 953 1118; x_wconf 85' lang='lat' dir='ltr'><strong>manium</strong></span> <span class='ocrx_word' id='word_1_78' title='bbox 985 1091 1133 1117; x_wconf 89' lang='lat' dir='ltr'><strong>sensus</strong></span> <span class='ocrx_word' id='word_1_79' title='bbox 1151 1084 1234 1129; x_wconf 87' lang='lat' dir='ltr'><strong>est,</strong></span> <span class='ocrx_word' id='word_1_80' title='bbox 1266 1091 1354 1117; x_wconf 91' lang='lat' dir='ltr'><strong>non</strong></span> <span class='ocrx_word' id='word_1_81' title='bbox 1378 1075 1513 1117; x_wconf 92' lang='lat' dir='ltr'><strong>inter-</strong></span> 
     </span>
     <span class='ocr_line' id='line_1_12' title="bbox 140 1153 1511 1214; baseline -0.001 -18"><span class='ocrx_word' id='word_1_82' title='bbox 140 1153 322 1197; x_wconf 86' lang='lat' dir='ltr'><strong>fectores</strong></span> <span class='ocrx_word' id='word_1_83' title='bbox 349 1171 468 1209; x_wconf 87' lang='lat' dir='ltr'><strong>suos,</strong></span> <span class='ocrx_word' id='word_1_84' title='bbox 498 1171 546 1197; x_wconf 92' lang='lat' dir='ltr'><strong>ac</strong></span> <span class='ocrx_word' id='word_1_85' title='bbox 574 1155 720 1214; x_wconf 81' lang='lat' dir='ltr'><strong>stirpis</strong></span> <span class='ocrx_word' id='word_1_86' title='bbox 744 1170 850 1207; x_wconf 86' lang='lat' dir='ltr'><strong>suae,</strong></span> <span class='ocrx_word' id='word_1_87' title='bbox 879 1153 953 1196; x_wconf 87' lang='lat' dir='ltr'><strong>sed</strong></span> <span class='ocrx_word' id='word_1_88' title='bbox 974 1153 1137 1196; x_wconf 70' lang='lat' dir='ltr'><strong>ultores</strong></span> <span class='ocrx_word' id='word_1_89' title='bbox 1166 1170 1337 1209; x_wconf 86' lang='lat' dir='ltr'><strong>eorum,</strong></span> <span class='ocrx_word' id='word_1_90' title='bbox 1364 1154 1511 1196; x_wconf 88' lang='lat' dir='ltr'><strong>Mace-</strong></span> 
     </span>
     <span class='ocr_line' id='line_1_13' title="bbox 139 1231 1513 1293; baseline -0.001 -18"><span class='ocrx_word' id='word_1_91' title='bbox 139 1233 279 1276; x_wconf 84' lang='lat' dir='ltr'><strong>‹loniae</strong></span> <span class='ocrx_word' id='word_1_92' title='bbox 300 1250 483 1293; x_wconf 84' lang='lat' dir='ltr'><strong>regnum</strong></span> <span class='ocrx_word' id='word_1_93' title='bbox 502 1244 649 1276; x_wconf 87' lang='lat' dir='ltr'><strong>tenere</strong></span> <span class='ocrx_word' id='word_1_94' title='bbox 678 1232 818 1275; x_wconf 85' lang='lat' dir='ltr'><strong>malle.</strong></span> <span class='ocrx_word' id='word_1_95' title='bbox 835 1253 855 1273; x_wconf 73' lang='lat' dir='ltr'><strong>n</strong></span> <span class='ocrx_word' id='word_1_96' title='bbox 878 1235 961 1276; x_wconf 89' lang='lat' dir='ltr'><strong>Per</strong></span> <span class='ocrx_word' id='word_1_97' title='bbox 986 1233 1075 1274; x_wconf 75' lang='lat' dir='ltr'><strong>liaec</strong></span> <span class='ocrx_word' id='word_1_98' title='bbox 1098 1233 1296 1291; x_wconf 83' lang='lat' dir='ltr'><strong>mitigato</strong></span> <span class='ocrx_word' id='word_1_99' title='bbox 1323 1231 1485 1291; x_wconf 89' lang='lat' dir='ltr'><strong>populo</strong></span> <span class='ocrx_word' id='word_1_100' title='bbox 1503 1268 1513 1285; x_wconf 91' lang='lat'><strong>,</strong></span> 
     </span>
     <span class='ocr_line' id='line_1_14' title="bbox 137 1311 1513 1372; baseline -0.003 -16"><span class='ocrx_word' id='word_1_101' title='bbox 137 1329 213 1356; x_wconf 86' lang='lat' dir='ltr'><strong>rex</strong></span> <span class='ocrx_word' id='word_1_102' title='bbox 241 1312 508 1356; x_wconf 84' lang='lat' dir='ltr'><strong>Macedoniae</strong></span> <span class='ocrx_word' id='word_1_103' title='bbox 537 1312 793 1372; x_wconf 86' lang='lat' dir='ltr'><strong>appellatur.</strong></span> <span class='ocrx_word' id='word_1_104' title='bbox 824 1311 1107 1370; x_wconf 76' lang='lat' dir='ltr'><strong>Lysimachus</strong></span> <span class='ocrx_word' id='word_1_105' title='bbox 1143 1326 1338 1369; x_wconf 90' lang='lat' dir='ltr'><strong>quoque,</strong></span> <span class='ocrx_word' id='word_1_106' title='bbox 1379 1327 1513 1369; x_wconf 88' lang='lat' dir='ltr'><strong>quum</strong></span> 
     </span>
     <span class='ocr_line' id='line_1_15' title="bbox 137 1389 1513 1452; baseline -0.002 -18"><span class='ocrx_word' id='word_1_107' title='bbox 137 1392 252 1435; x_wconf 90' lang='lat' dir='ltr'><strong>bello</strong></span> <span class='ocrx_word' id='word_1_108' title='bbox 274 1393 516 1447; x_wconf 88' lang='lat' dir='ltr'><strong>Doricetis,</strong></span> <span class='ocrx_word' id='word_1_109' title='bbox 550 1393 664 1452; x_wconf 86' lang='lat' dir='ltr'><strong>regis</strong></span> <span class='ocrx_word' id='word_1_110' title='bbox 685 1391 932 1446; x_wconf 83' lang='lat' dir='ltr'><strong>Thracum,</strong></span> <span class='ocrx_word' id='word_1_111' title='bbox 962 1399 1254 1450; x_wconf 83' lang='lat' dir='ltr'><strong>premeretur,</strong></span> <span class='ocrx_word' id='word_1_112' title='bbox 1280 1406 1333 1431; x_wconf 91' lang='lat' dir='ltr'><strong>ne</strong></span> <span class='ocrx_word' id='word_1_113' title='bbox 1362 1389 1513 1431; x_wconf 89' lang='lat' dir='ltr'><strong>eodem</strong></span> 
     </span>
     <span class='ocr_line' id='line_1_16' title="bbox 137 1469 1516 1532; baseline -0.003 -17"><span class='ocrx_word' id='word_1_114' title='bbox 137 1482 335 1532; x_wconf 89' lang='lat' dir='ltr'><strong>tempore</strong></span> <span class='ocrx_word' id='word_1_115' title='bbox 363 1482 406 1515; x_wconf 90' lang='lat' dir='ltr'><strong>et</strong></span> <span class='ocrx_word' id='word_1_116' title='bbox 430 1472 636 1515; x_wconf 87' lang='lat' dir='ltr'><strong>adversus</strong></span> <span class='ocrx_word' id='word_1_117' title='bbox 657 1488 756 1515; x_wconf 90' lang='lat' dir='ltr'><strong>eum</strong></span> <span class='ocrx_word' id='word_1_118' title='bbox 786 1471 991 1514; x_wconf 87' lang='lat' dir='ltr'><strong>dimicare</strong></span> <span class='ocrx_word' id='word_1_119' title='bbox 1013 1485 1186 1513; x_wconf 88' lang='lat' dir='ltr'><strong>necesse</strong></span> <span class='ocrx_word' id='word_1_120' title='bbox 1204 1469 1404 1523; x_wconf 88' lang='lat' dir='ltr'><strong>haberet,</strong></span> <span class='ocrx_word' id='word_1_121' title='bbox 1426 1478 1516 1511; x_wconf 88' lang='lat' dir='ltr'><strong>tra-</strong></span> 
     </span>
     <span class='ocr_line' id='line_1_17' title="bbox 139 1550 1517 1611; baseline -0.001 -17"><span class='ocrx_word' id='word_1_122' title='bbox 139 1551 227 1594; x_wconf 86' lang='lat' dir='ltr'><strong>dita</strong></span> <span class='ocrx_word' id='word_1_123' title='bbox 247 1552 284 1594; x_wconf 92' lang='lat' dir='ltr'><strong>ei</strong></span> <span class='ocrx_word' id='word_1_124' title='bbox 311 1551 445 1594; x_wconf 84' lang='lat' dir='ltr'><strong>altera</strong></span> <span class='ocrx_word' id='word_1_125' title='bbox 473 1562 595 1611; x_wconf 87' lang='lat' dir='ltr'><strong>parte</strong></span> <span class='ocrx_word' id='word_1_126' title='bbox 624 1551 918 1605; x_wconf 67' lang='lat' dir='ltr'><strong>Macedoniae,</strong></span> <span class='ocrx_word' id='word_1_127' title='bbox 947 1567 1041 1609; x_wconf 67' lang='lat' dir='ltr'><strong>quae</strong></span> <span class='ocrx_word' id='word_1_128' title='bbox 1065 1550 1299 1608; x_wconf 78' lang='lat' dir='ltr'><strong>Antipatro</strong></span> <span class='ocrx_word' id='word_1_129' title='bbox 1329 1550 1420 1608; x_wconf 86' lang='lat' dir='ltr'><strong>ejus</strong></span> <span class='ocrx_word' id='word_1_130' title='bbox 1443 1565 1517 1609; x_wconf 83' lang='lat' dir='ltr'><strong>ge-</strong></span> 
     </span>
     <span class='ocr_line' id='line_1_18' title="bbox 138 1630 1051 1691; baseline -0.001 -18"><span class='ocrx_word' id='word_1_131' title='bbox 138 1647 244 1675; x_wconf 86' lang='lat' dir='ltr'><strong>nero</strong></span> <span class='ocrx_word' id='word_1_132' title='bbox 268 1634 527 1686; x_wconf 73' lang='lat' dir='ltr'><strong>obvenerat,</strong></span> <span class='ocrx_word' id='word_1_133' title='bbox 553 1648 701 1691; x_wconf 83' lang='lat' dir='ltr'><strong>pacem</strong></span> <span class='ocrx_word' id='word_1_134' title='bbox 732 1648 831 1674; x_wconf 90' lang='lat' dir='ltr'><strong>cum</strong></span> <span class='ocrx_word' id='word_1_135' title='bbox 862 1647 911 1673; x_wconf 89' lang='lat' dir='ltr'><strong>eo</strong></span> <span class='ocrx_word' id='word_1_136' title='bbox 939 1630 1051 1673; x_wconf 85' lang='lat' dir='ltr'><strong>fecit.</strong></span> 
     </span>
    </p>

    <p class='ocr_par' dir='ltr' id='par_1_3' title="bbox 137 1708 1517 2644">
     <span class='ocr_line' id='line_1_19' title="bbox 202 1708 1516 1771; baseline -0.002 -16"><span class='ocrx_word' id='word_1_137' title='bbox 202 1713 257 1755; x_wconf 91' lang='lat' dir='ltr'><strong>II.</strong></span> <span class='ocrx_word' id='word_1_138' title='bbox 288 1713 429 1771; x_wconf 84' lang='lat' dir='ltr'><strong>Igitur</strong></span> <span class='ocrx_word' id='word_1_139' title='bbox 463 1712 735 1763; x_wconf 89' lang='lat' dir='ltr'><strong>Demetrius,</strong></span> <span class='ocrx_word' id='word_1_140' title='bbox 769 1711 871 1753; x_wconf 86' lang='lat' dir='ltr'><strong>totis</strong></span> <span class='ocrx_word' id='word_1_141' title='bbox 904 1709 1172 1752; x_wconf 72' lang='lat' dir='ltr'><strong>Macedoniae</strong></span> <span class='ocrx_word' id='word_1_142' title='bbox 1199 1710 1321 1768; x_wconf 75' lang='lat' dir='ltr'><strong>regni</strong></span> <span class='ocrx_word' id='word_1_143' title='bbox 1351 1708 1516 1752; x_wconf 82' lang='lat' dir='ltr'><strong>viribus</strong></span> 
     </span>
     <span class='ocr_line' id='line_1_20' title="bbox 139 1789 1511 1851; baseline -0.003 -18"><span class='ocrx_word' id='word_1_144' title='bbox 139 1792 396 1845; x_wconf 88' lang='lat' dir='ltr'><strong>instructus,</strong></span> <span class='ocrx_word' id='word_1_145' title='bbox 422 1808 557 1851; x_wconf 90' lang='lat' dir='ltr'><strong>quum</strong></span> <span class='ocrx_word' id='word_1_146' title='bbox 580 1792 727 1834; x_wconf 76' lang='lat' dir='ltr'><strong>Asiam</strong></span> <span class='ocrx_word' id='word_1_147' title='bbox 747 1805 959 1849; x_wconf 85' lang='lat' dir='ltr'><strong>occupare</strong></span> <span class='ocrx_word' id='word_1_148' title='bbox 980 1789 1221 1842; x_wconf 81' lang='lat' dir='ltr'><strong>statuisset,</strong></span> <span class='ocrx_word' id='word_1_149' title='bbox 1242 1789 1398 1830; x_wconf 87' lang='lat' dir='ltr'><strong>iterato</strong></span> <span class='ocrx_word' id='word_1_150' title='bbox 1416 1790 1511 1830; x_wconf 92' lang='lat' dir='ltr'><strong>Pto-</strong></span> 
     </span>
     <span class='ocr_line' id='line_1_21' title="bbox 140 1869 1517 1929; baseline -0.001 -17"><span class='ocrx_word' id='word_1_151' title='bbox 140 1870 333 1926; x_wconf 80' lang='lat' dir='ltr'><strong>lemaeus,</strong></span> <span class='ocrx_word' id='word_1_152' title='bbox 363 1870 586 1922; x_wconf 86' lang='lat' dir='ltr'><strong>Seleucus,</strong></span> <span class='ocrx_word' id='word_1_153' title='bbox 615 1880 657 1913; x_wconf 90' lang='lat' dir='ltr'><strong>et</strong></span> <span class='ocrx_word' id='word_1_154' title='bbox 682 1869 986 1929; x_wconf 81' lang='lat' dir='ltr'><strong>Lysimachus,</strong></span> <span class='ocrx_word' id='word_1_155' title='bbox 1011 1869 1177 1928; x_wconf 83' lang='lat' dir='ltr'><strong>experti</strong></span> <span class='ocrx_word' id='word_1_156' title='bbox 1208 1869 1352 1927; x_wconf 88' lang='lat' dir='ltr'><strong>priore</strong></span> <span class='ocrx_word' id='word_1_157' title='bbox 1379 1879 1517 1911; x_wconf 83' lang='lat' dir='ltr'><strong>certa-</strong></span> 
     </span>
     <span class='ocr_line' id='line_1_22' title="bbox 139 1947 1516 2010; baseline -0.002 -18"><span class='ocrx_word' id='word_1_158' title='bbox 139 1952 275 2003; x_wconf 83' lang='lat' dir='ltr'><strong>mine,</strong></span> <span class='ocrx_word' id='word_1_159' title='bbox 310 1959 482 2010; x_wconf 82' lang='lat' dir='ltr'><strong>quantae</strong></span> <span class='ocrx_word' id='word_1_160' title='bbox 518 1951 631 1992; x_wconf 88' lang='lat' dir='ltr'><strong>vires</strong></span> <span class='ocrx_word' id='word_1_161' title='bbox 666 1959 810 1992; x_wconf 87' lang='lat' dir='ltr'><strong>essent</strong></span> <span class='ocrx_word' id='word_1_162' title='bbox 845 1947 1110 2001; x_wconf 61' lang='lat' dir='ltr'><strong>concordiae,</strong></span> <span class='ocrx_word' id='word_1_163' title='bbox 1142 1957 1264 2007; x_wconf 76' lang='lat' dir='ltr'><strong>pacta</strong></span> <span class='ocrx_word' id='word_1_164' title='bbox 1295 1949 1516 2001; x_wconf 85' lang='lat' dir='ltr'><strong>societate,</strong></span> 
     </span>
     <span class='ocr_line' id='line_1_23' title="bbox 138 2027 1516 2089; baseline -0.002 -16"><span class='ocrx_word' id='word_1_165' title='bbox 138 2030 428 2089; x_wconf 82' lang='lat' dir='ltr'><strong>adunatisque</strong></span> <span class='ocrx_word' id='word_1_166' title='bbox 470 2030 752 2083; x_wconf 81' lang='lat' dir='ltr'><strong>exercitibus,</strong></span> <span class='ocrx_word' id='word_1_167' title='bbox 794 2027 959 2071; x_wconf 89' lang='lat' dir='ltr'><strong>bellum</strong></span> <span class='ocrx_word' id='word_1_168' title='bbox 998 2027 1206 2070; x_wconf 79' lang='lat' dir='ltr'><strong>adversus</strong></span> <span class='ocrx_word' id='word_1_169' title='bbox 1240 2027 1516 2070; x_wconf 84' lang='lat' dir='ltr'><strong>Demetrium</strong></span> 
     </span>
     <span class='ocr_line' id='line_1_24' title="bbox 137 2104 1514 2167; baseline -0.004 -15"><span class='ocrx_word' id='word_1_170' title='bbox 137 2113 406 2152; x_wconf 86' lang='lat' dir='ltr'><strong>transferunt</strong></span> <span class='ocrx_word' id='word_1_171' title='bbox 424 2111 469 2151; x_wconf 90' lang='lat' dir='ltr'><strong>in</strong></span> <span class='ocrx_word' id='word_1_172' title='bbox 487 2111 722 2167; x_wconf 85' lang='lat' dir='ltr'><strong>Europam.</strong></span> <span class='ocrx_word' id='word_1_173' title='bbox 743 2108 822 2150; x_wconf 91' lang='lat' dir='ltr'><strong>His</strong></span> <span class='ocrx_word' id='word_1_174' title='bbox 838 2109 1043 2150; x_wconf 86' lang='lat' dir='ltr'><strong>comitem</strong></span> <span class='ocrx_word' id='word_1_175' title='bbox 1070 2123 1113 2149; x_wconf 90' lang='lat' dir='ltr'><strong>se</strong></span> <span class='ocrx_word' id='word_1_176' title='bbox 1139 2116 1179 2148; x_wconf 87' lang='lat' dir='ltr'><strong>et</strong></span> <span class='ocrx_word' id='word_1_177' title='bbox 1204 2104 1307 2148; x_wconf 87' lang='lat' dir='ltr'><strong>belli</strong></span> <span class='ocrx_word' id='word_1_178' title='bbox 1327 2106 1490 2148; x_wconf 88' lang='lat' dir='ltr'><strong>socium</strong></span> <span class='ocrx_word' id='word_1_179' title='bbox 1504 2141 1514 2160; x_wconf 87' lang='lat'><strong>,</strong></span> 
     </span>
     <span class='ocr_line' id='line_1_25' title="bbox 138 2184 1516 2249; baseline -0.003 -18"><span class='ocrx_word' id='word_1_180' title='bbox 138 2190 280 2249; x_wconf 69' lang='lat' dir='ltr'><strong>Jungit</strong></span> <span class='ocrx_word' id='word_1_181' title='bbox 308 2188 530 2247; x_wconf 76' lang='lat' dir='ltr'><strong>Pyrrhus,</strong></span> <span class='ocrx_word' id='word_1_182' title='bbox 563 2204 639 2229; x_wconf 78' lang='lat' dir='ltr'><strong>rex</strong></span> <span class='ocrx_word' id='word_1_183' title='bbox 670 2188 815 2246; x_wconf 85' lang='lat' dir='ltr'><strong>Epiri,</strong></span> <span class='ocrx_word' id='word_1_184' title='bbox 849 2203 1025 2246; x_wconf 83' lang='lat' dir='ltr'><strong>sperans</strong></span> <span class='ocrx_word' id='word_1_185' title='bbox 1058 2202 1146 2228; x_wconf 90' lang='lat' dir='ltr'><strong>non</strong></span> <span class='ocrx_word' id='word_1_186' title='bbox 1175 2184 1393 2228; x_wconf 80' lang='lat' dir='ltr'><strong>difficilius</strong></span> <span class='ocrx_word' id='word_1_187' title='bbox 1427 2187 1516 2228; x_wconf 90' lang='lat' dir='ltr'><strong>De-</strong></span> 
     </span>
     <span class='ocr_line' id='line_1_26' title="bbox 139 2265 1513 2324; baseline -0.001 -15"><span class='ocrx_word' id='word_1_188' title='bbox 139 2268 342 2310; x_wconf 85' lang='lat' dir='ltr'><strong>metrium</strong></span> <span class='ocrx_word' id='word_1_189' title='bbox 370 2268 568 2309; x_wconf 88' lang='lat' dir='ltr'><strong>amittere</strong></span> <span class='ocrx_word' id='word_1_190' title='bbox 587 2265 891 2309; x_wconf 84' lang='lat' dir='ltr'><strong>Macedoniam</strong></span> <span class='ocrx_word' id='word_1_191' title='bbox 913 2281 1062 2324; x_wconf 82' lang='lat' dir='ltr'><strong>posse,</strong></span> <span class='ocrx_word' id='word_1_192' title='bbox 1087 2280 1217 2323; x_wconf 90' lang='lat' dir='ltr'><strong>quam</strong></span> <span class='ocrx_word' id='word_1_193' title='bbox 1241 2265 1513 2322; x_wconf 83' lang='lat' dir='ltr'><strong>acquisierat.</strong></span> 
     </span>
     <span class='ocr_line' id='line_1_27' title="bbox 139 2344 1514 2405; baseline -0.001 -16"><span class='ocrx_word' id='word_1_194' title='bbox 139 2349 230 2390; x_wconf 82' lang='lat' dir='ltr'><strong>Nec</strong></span> <span class='ocrx_word' id='word_1_195' title='bbox 262 2362 356 2405; x_wconf 88' lang='lat' dir='ltr'><strong>spes</strong></span> <span class='ocrx_word' id='word_1_196' title='bbox 396 2346 557 2388; x_wconf 82' lang='lat' dir='ltr'><strong>frustra</strong></span> <span class='ocrx_word' id='word_1_197' title='bbox 588 2345 671 2388; x_wconf 90' lang='lat' dir='ltr'><strong>fuit</strong></span> <span class='ocrx_word' id='word_1_198' title='bbox 700 2362 707 2387; x_wconf 92' lang='lat'>:</span> <span class='ocrx_word' id='word_1_199' title='bbox 738 2345 898 2404; x_wconf 88' lang='lat' dir='ltr'><strong>quippe</strong></span> <span class='ocrx_word' id='word_1_200' title='bbox 933 2344 1125 2386; x_wconf 83' lang='lat' dir='ltr'><strong>exercitu</strong></span> <span class='ocrx_word' id='word_1_201' title='bbox 1157 2344 1249 2402; x_wconf 88' lang='lat' dir='ltr'><strong>ejus</strong></span> <span class='ocrx_word' id='word_1_202' title='bbox 1288 2353 1514 2403; x_wconf 84' lang='lat' dir='ltr'><strong>corrupto,</strong></span> 
     </span>
     <span class='ocr_line' id='line_1_28' title="bbox 140 2423 1514 2486; baseline -0.001 -18"><span class='ocrx_word' id='word_1_203' title='bbox 140 2427 319 2486; x_wconf 81' lang='lat' dir='ltr'><strong>ipsoque</strong></span> <span class='ocrx_word' id='word_1_204' title='bbox 348 2426 392 2467; x_wconf 78' lang='lat' dir='ltr'><strong>in</strong></span> <span class='ocrx_word' id='word_1_205' title='bbox 422 2425 570 2485; x_wconf 82' lang='lat' dir='ltr'><strong>fugam</strong></span> <span class='ocrx_word' id='word_1_206' title='bbox 605 2435 728 2479; x_wconf 90' lang='lat' dir='ltr'><strong>acto,</strong></span> <span class='ocrx_word' id='word_1_207' title='bbox 757 2441 942 2484; x_wconf 81' lang='lat' dir='ltr'><strong>regnum</strong></span> <span class='ocrx_word' id='word_1_208' title='bbox 976 2423 1241 2466; x_wconf 69' lang='lat' dir='ltr'><strong>Macedoniae</strong></span> <span class='ocrx_word' id='word_1_209' title='bbox 1275 2424 1514 2483; x_wconf 87' lang='lat' dir='ltr'><strong>occupavit.</strong></span> 
     </span>
     <span class='ocr_line' id='line_1_29' title="bbox 140 2503 1515 2564; baseline -0.001 -16"><span class='ocrx_word' id='word_1_210' title='bbox 140 2507 258 2548; x_wconf 84' lang='lat' dir='ltr'><strong>Dum</strong></span> <span class='ocrx_word' id='word_1_211' title='bbox 282 2505 372 2547; x_wconf 83' lang='lat' dir='ltr'><strong>haec</strong></span> <span class='ocrx_word' id='word_1_212' title='bbox 400 2514 610 2564; x_wconf 82' lang='lat' dir='ltr'><strong>aguntur,</strong></span> <span class='ocrx_word' id='word_1_213' title='bbox 634 2503 918 2562; x_wconf 78' lang='lat' dir='ltr'><strong>Lysimachus</strong></span> <span class='ocrx_word' id='word_1_214' title='bbox 949 2518 1156 2563; x_wconf 83' lang='lat' dir='ltr'><strong>generum</strong></span> <span class='ocrx_word' id='word_1_215' title='bbox 1186 2518 1312 2545; x_wconf 85' lang='lat' dir='ltr'><strong>suum</strong></span> <span class='ocrx_word' id='word_1_216' title='bbox 1332 2503 1515 2562; x_wconf 88' lang='lat' dir='ltr'><strong>Antipa-</strong></span> 
     </span>
     <span class='ocr_line' id='line_1_30' title="bbox 144 2581 1514 2644; baseline -0.005 -13"><span class='ocrx_word' id='word_1_217' title='bbox 144 2598 278 2639; x_wconf 85' lang='lat' dir='ltr'><strong>trum,</strong></span> <span class='ocrx_word' id='word_1_218' title='bbox 305 2600 489 2644; x_wconf 80' lang='lat' dir='ltr'><strong>regnum</strong></span> <span class='ocrx_word' id='word_1_219' title='bbox 516 2582 786 2625; x_wconf 61' lang='lat' dir='ltr'><strong>Macedoniae</strong></span> <span class='ocrx_word' id='word_1_220' title='bbox 811 2581 1066 2641; x_wconf 88' lang='lat' dir='ltr'><strong>ademptum</strong></span> <span class='ocrx_word' id='word_1_221' title='bbox 1090 2582 1169 2625; x_wconf 89' lang='lat' dir='ltr'><strong>sibi</strong></span> <span class='ocrx_word' id='word_1_222' title='bbox 1195 2582 1330 2624; x_wconf 88' lang='lat' dir='ltr'><strong>soceri</strong></span> <span class='ocrx_word' id='word_1_223' title='bbox 1364 2581 1514 2624; x_wconf 90' lang='lat' dir='ltr'><strong>fraude</strong></span> 
     </span>
    </p>
   </div>
   <div class='ocr_carea' id='block_1_3' title="bbox 141 2659 1513 2721">
    <p class='ocr_par' dir='ltr' id='par_1_4' title="bbox 141 2659 1513 2721">
     <span class='ocr_line' id='line_1_31' title="bbox 141 2659 1513 2721; baseline -0.001 -18"><span class='ocrx_word' id='word_1_224' title='bbox 141 2673 416 2721; x_wconf 84' lang='lat' dir='ltr'><strong>querentem,</strong></span> <span class='ocrx_word' id='word_1_225' title='bbox 451 2661 672 2717; x_wconf 80' lang='lat' dir='ltr'><strong>interficit3</strong></span> <span class='ocrx_word' id='word_1_226' title='bbox 711 2660 931 2720; x_wconf 85' lang='lat' dir='ltr'><strong>filiamque</strong></span> <span class='ocrx_word' id='word_1_227' title='bbox 959 2678 1080 2703; x_wconf 81' lang='lat' dir='ltr'><strong>suam</strong></span> <span class='ocrx_word' id='word_1_228' title='bbox 1112 2659 1380 2720; x_wconf 77' lang='lat' dir='ltr'><strong>Eurydicen,</strong></span> <span class='ocrx_word' id='word_1_229' title='bbox 1408 2675 1513 2719; x_wconf 88' lang='lat' dir='ltr'><strong>que-</strong></span> 
     </span>
    </p>
   </div>
  </div>
 </body>
</html>
