1783 3282
333 272 346 295 1
355 259 374 293 8
383 259 403 294 8
918 259 1104 294 JUSTINI

328 343 538 387 cientibus
571 343 716 397 sociis,
741 351 783 385 et
807 341 908 385 odio
934 341 1130 384 diuturni
1162 341 1335 399 imperii
1357 350 1503 384 extera
1541 341 1700 385 auxilia

325 421 789 482 circumspicientibus.
820 425 917 464 Huc
951 418 1174 474 accedere,
1209 419 1327 477 quod
1361 419 1510 475 urbes,
1551 420 1700 463 castel-

327 501 454 560 laque
478 502 652 557 Africae,
682 518 769 544 non
799 500 934 542 muris
967 500 1139 554 cinctae,
1175 514 1265 540 non
1290 499 1335 540 in
1365 499 1586 542 montibus
1621 516 1699 559 po-

326 582 416 624 sitae
441 582 546 637 sint,
575 581 649 625 sed
683 582 727 623 in
758 578 898 640 planis
926 579 1117 637 campis,
1148 577 1239 620 sine
1268 575 1370 621 ullis
1396 579 1699 635 munimentis,

321 661 493 720 jaceant
521 678 529 703 :
557 676 664 719 quas
689 675 839 702 omnes
863 668 984 701 metu
1008 656 1166 701 excidii
1195 656 1320 700 facile
1351 657 1405 700 ad
1432 657 1533 701 belli
1565 660 1701 703 socie-

325 750 456 784 tatem
490 740 640 801 perlici
666 755 804 800 posse.
831 739 978 798 Majus
1003 738 1137 798 igitur
1175 737 1612 797 Carthaginiensibus
1646 739 1698 782 ab

323 821 417 882 ipsa
443 821 606 876 Africa,
632 836 764 880 quam
788 835 839 862 ex
865 816 1030 872 Sicilia,
1055 833 1310 861 exarsurum
1335 815 1522 873 bellum,
1557 819 1698 862 coitu·

323 917 457 960 raque
495 899 656 942 auxilia
691 899 889 942 omnium
914 897 1120 940 adversus
1162 913 1295 940 unam
1322 898 1495 953 urbem,
1522 898 1700 941 nomine

323 995 455 1038 quam
492 977 648 1038 opibus
685 976 964 1036 ampliorem,
1000 985 1041 1019 et
1078 992 1185 1035 quas
1211 992 1300 1019 non
1332 975 1528 1019 attulerit
1554 977 1695 1033 vires,

324 1058 425 1101 inde
453 1065 748 1116 sumpturum.
776 1056 866 1099 Nec
896 1056 940 1097 in
954 1055 1184 1114 repentino
1246 1071 1445 1098 oenorum
1464 1065 1583 1099 metu
1609 1073 1700 1100 mo-

326 1137 471 1180 dicum
498 1147 773 1180 momentum
794 1136 986 1179 victoriae
1010 1135 1103 1178 fore
1120 1171 1131 1190 ,
1155 1136 1230 1195 qui
1250 1145 1372 1179 tanta
1396 1136 1574 1179 audacia
1602 1137 1700 1181 hos-

322 1219 432 1261 tium
464 1217 673 1278 perculsi,
709 1215 967 1276 trepidaturi
1009 1216 1106 1259 sint.
1141 1218 1378 1260 Accessum
1411 1226 1455 1259 et
1493 1216 1698 1260 villarum

322 1297 541 1352 incendia,
565 1295 870 1351 castellorum,
899 1296 1165 1355 urbiumque
1196 1297 1522 1339 contumacium
1555 1296 1699 1357 direp-

322 1377 505 1433 tionem,
530 1386 622 1419 tum
646 1377 779 1436 ipsius
795 1375 1071 1436 Carthaginis
1091 1375 1377 1419 obsidionem.
1405 1376 1579 1433 Quibus
1607 1393 1700 1419 om-
1751 1411 1753 1413 .

322 1457 450 1499 nibus
476 1473 564 1498 non
590 1456 670 1498 sibi
692 1465 864 1497 tantum
889 1456 933 1497 in
948 1453 1074 1507 alios,
1101 1454 1175 1497 sed
1201 1465 1245 1497 et
1260 1454 1353 1498 aliis
1378 1456 1422 1497 in
1443 1472 1487 1499 se
1508 1456 1698 1499 sentient

322 1545 469 1595 patere
505 1534 631 1578 bella.
661 1535 738 1577 His
776 1551 864 1577 non
899 1534 1040 1577 solum
1069 1537 1226 1577 Poenos
1252 1535 1388 1591 vinci,
1413 1534 1486 1578 sed
1516 1545 1557 1578 et
1594 1536 1697 1579 Sici-

322 1615 424 1658 liam
450 1614 625 1657 liberari
660 1630 796 1673 posse.
836 1614 928 1658 Nec
959 1614 1075 1657 enim
1108 1623 1356 1656 moraturos
1388 1614 1432 1656 in
1463 1615 1555 1674 ejus
1583 1615 1698 1658 obsi-

322 1694 450 1737 dione
488 1693 664 1749 hostes,
712 1709 847 1753 quum
894 1710 970 1737 sua
1008 1703 1262 1753 urgeantur.
1301 1694 1532 1753 Nusquam
1565 1695 1700 1754 igitur

322 1773 422 1816 alibi
448 1772 616 1816 facilius
644 1771 834 1827 bellum,
867 1772 939 1815 sed
966 1789 1045 1815 nec
1070 1772 1262 1832 praedam
1296 1773 1542 1816 uberiorem
1575 1774 1695 1817 inve-

323 1854 407 1896 niri
428 1869 564 1912 posse.
586 1854 728 1908 Nam,
755 1862 883 1912 capta
905 1853 1190 1912 Carthagine,
1212 1869 1387 1896 omnem
1415 1853 1608 1896 Africam
1636 1856 1700 1898 Si-

322 1931 552 1991 ciliamque
582 1932 809 1992 praemium
838 1932 1055 1975 victorum
1088 1932 1190 1974 fore.
1229 1931 1426 1975 Gloriam
1459 1943 1575 1976 certe
1609 1943 1696 1975 tam

322 2012 512 2054 honestae
555 2010 721 2054 militiae
762 2021 926 2054 tantam
974 2012 1017 2053 in
1055 2027 1184 2053 omne
1220 2028 1359 2054 aevum
1396 2011 1611 2067 futuram,
1649 2023 1699 2055 ut

322 2092 543 2133 terminari
572 2090 694 2134 nullo
728 2101 923 2150 tempore
962 2089 1182 2133 oblivione
1207 2092 1376 2149 possit:
1413 2100 1462 2133 ut
1498 2091 1696 2146 dicatur,

321 2186 393 2213 cos
420 2170 533 2214 solos
559 2169 810 2213 mortalium
835 2186 946 2225 esse,
967 2170 1041 2229 qui
1056 2168 1190 2219 bella,
1217 2186 1311 2229 quae
1328 2169 1445 2212 domi
1466 2170 1578 2213 ferre
1610 2188 1697 2214 non

322 2260 548 2309 poterant,
566 2250 619 2293 ad
644 2250 789 2294 hostes
815 2248 1119 2292 transtulerint
1135 2285 1145 2303 ,
1172 2251 1361 2309 victique
1378 2251 1564 2294 victores
1588 2252 1699 2295 inse-

323 2330 411 2371 cuti
435 2330 545 2385 sint,
577 2339 619 2372 et
653 2330 898 2373 obsessores
931 2329 1051 2371 urbis
1076 2345 1161 2371 suae
1190 2329 1452 2373 obsederint.
1480 2331 1697 2374 Omnibus

323 2409 457 2468 igitur
481 2408 584 2451 forti
609 2424 659 2451 ac
696 2408 794 2451 laeto
819 2408 964 2450 animo
989 2406 1152 2450 bellum
1177 2408 1437 2462 ineundum,
1475 2425 1562 2468 quo
1599 2409 1697 2453 nul-

323 2487 413 2530 lum
438 2487 556 2529 aliud
583 2488 719 2548 possit
747 2497 822 2530 aut
850 2487 1077 2547 praemium
1110 2488 1349 2531 victoribus
1389 2489 1592 2541 uberius,
1623 2500 1696 2533 aut

322 2567 447 2609 victis
476 2576 811 2609 monumentum
840 2566 1050 2609 illustrius
1081 2568 1195 2610 darc.
1221 2588 1239 2607 n

386 2648 461 2688 VI.
488 2647 565 2688 His
590 2646 763 2705 quidem
787 2646 1166 2690 adhortationibus
1193 2649 1325 2690 animi
1350 2647 1534 2690 militum
1562 2649 1696 2690 crive-

1627 2682 1650 2707 Ὁ
