1783 3282
274 230 345 274 2'54
613 228 1004 264 ADNOTATIONES
1029 229 1083 263 IN
1110 230 1127 263 J
1133 229 1300 264 USTINI

271 308 380 342 nibus
409 305 639 353 perhibetur.
671 305 743 340 Sed
777 305 937 339 cohaeret
962 304 1038 337 haec
1076 304 1257 338 sententia
1291 318 1373 339 cum
1400 307 1643 352 quorumdam

271 375 438 403 veterum
476 366 657 414 opinione
697 367 744 401 de
782 366 999 413 Scytharum
1033 376 1173 397 summa
1213 366 1452 411 antiquitate,
1488 369 1533 402 de
1573 381 1644 415 qua

269 442 303 463 v.
335 429 383 463 ad
416 441 467 472 11,
497 441 528 464 1.
562 429 715 462 Tanaus
734 440 821 469 rex,
855 427 901 459 ab
928 424 1076 459 nemine
1107 432 1352 469 memoratus,
1377 428 1456 462 sine
1482 428 1597 464 dubio
1623 443 1643 465 e

279 491 405 524 Tanai
424 488 540 525 fluvio
561 487 702 524 effictus
728 495 791 522 est.

323 551 407 588 CAP.
433 552 518 587 VII.
553 552 605 586 Et
633 550 714 584 urbs
745 549 902 581 Barene.
931 548 1021 590 Quae
1055 547 1192 581 Mediae
1231 548 1319 582 urbs
1343 556 1419 595 est,
1447 550 1642 586 Ecbatanis

268 612 493 659 propinqua.
517 612 588 647 Sed
608 612 711 645 MSS.
733 619 861 642 omnes
876 607 1011 642 Justini
1029 608 1196 654 praebent
1218 621 1356 643 nomen
1378 610 1518 653 Barce,
1545 619 1642 646 notae

268 674 373 708 urbis
396 673 548 714 Africae,
575 671 678 718 quod
701 670 833 704 vitium
855 682 933 703 non
953 669 1069 715 liquet
1094 670 1292 704 Justinone
1313 670 1359 704 sit
1380 671 1618 707 tribuendum
1632 700 1642 716 ‚

268 735 308 769 in
339 733 597 782 geographicis
624 743 718 778 saepe
744 731 898 774 erranti,
926 742 972 764 an
994 730 1166 765 librariis.
1204 731 1298 766 Vide
1327 731 1372 765 ad
1403 744 1484 776 xii,
1513 744 1542 768 e.
1577 745 1641 776 io,

267 796 334 830 ubi
359 808 464 830 error
490 795 526 828 in
557 793 690 827 eodem
714 791 868 826 nomine
889 791 1113 825 commissus.

320 858 402 892 CAP.
449 857 517 890 IX.
546 855 787 900 Prexaspem.
821 853 926 887 MSS.
960 864 1088 887 omnes
1117 852 1301 887 cometem
1336 854 1395 888 vel
1433 853 1638 897 Comatim,

267 918 330 964 qui
356 918 468 963 vulgo
495 918 698 962 Prexaspes
721 913 905 948 Herodoti
931 925 1008 948 esse
1039 920 1212 960 putatur,
1244 914 1496 950 dubitationes
1518 922 1640 951 tamen

266 977 385 1024 injicit
410 977 489 1023 ipsa
509 975 695 1011 Herodoti
722 974 887 1009 narratio
913 981 1081 1008 accurate
1107 986 1298 1020 perpensa.

756 1099 811 1133 IN
842 1098 1064 1133 LIBRUM
1095 1099 1148 1132 II.

318 1219 535 1266 Scytharum
548 1220 851 1261 Amazonumque
865 1214 1048 1261 originem
1063 1242 1071 1259 ,
1084 1226 1141 1248 res
1155 1222 1273 1260 gestas
1287 1222 1323 1249 et
1345 1215 1507 1251 instituta
1522 1220 1636 1253 Polu—

265 1280 371 1327 peius
390 1281 537 1325 Trogus
564 1290 582 1312 e
609 1275 847 1323 Theopompi
865 1282 1065 1318 Φύιππικιῖς
1085 1275 1223 1318 hausit,
1242 1276 1279 1309 in
1303 1277 1434 1312 ceteris
1459 1278 1636 1315 Herodo-

265 1349 342 1377 tum
360 1347 515 1376 secutus.

317 1403 400 1438 Car.
426 1403 454 1438 Ι.
483 1401 701 1446 Scytharum
723 1412 814 1446 gens
832 1400 1090 1446 antiquissima
1110 1412 1257 1446 semper
1273 1400 1415 1436 habita.
1434 1402 1535 1445 Quid
1559 1403 1639 1437 ais?

266 1464 421 1511 Semper
448 1463 614 1497 habita?
637 1461 779 1495 Saeculo
812 1459 889 1494 fere
920 1467 1004 1494 ante
1031 1460 1316 1508 Theopompum
1342 1463 1487 1509 scripsit
1513 1464 1638 1498 Hero-

265 1525 394 1570 dotus,
417 1537 478 1568 iv,
499 1536 528 1558 c.
562 1522 606 1566 5,
626 1523 727 1569 ipsos
752 1521 904 1569 Scythas
930 1520 1100 1556 confiteri
1129 1528 1286 1560 νεώτατοι
1320 1530 1469 1561 ἁπάντων
1497 1536 1558 1562 τῶν
1584 1533 1636 1563 ἐθ-

263 1596 320 1623 vsov
353 1587 430 1624 eis-oz:
456 1591 490 1622 τὸ
520 1591 678 1633 σφέτερον,
713 1584 787 1617 Res
817 1589 938 1617 autem
963 1582 1014 1617 sic
1038 1595 1075 1617 se
1100 1583 1229 1617 habuit
1257 1597 1263 1617 ε
1294 1586 1380 1619 Post
1406 1585 1639 1620 Herodotum

263 1646 499 1693 philosophi,
529 1645 731 1692 praesertini
758 1644 812 1678 illi
838 1643 884 1678 de
903 1644 1089 1679 Socratica
1120 1644 1334 1690 disciplina,
1360 1645 1567 1680 doctrinam
1593 1647 1640 1681 de

263 1708 415 1742 homine
440 1707 668 1754 propriaque
695 1705 770 1750 ejus
796 1712 925 1739 natura
952 1712 987 1739 et
1011 1705 1233 1752 primigenia
1258 1706 1406 1751 indole,
1432 1707 1568 1743 deinde
1594 1708 1640 1742 de

263 1769 492 1804 naturalibus
528 1767 713 1802 societatis
752 1774 787 1801 et
818 1767 1022 1800 civitatium
1059 1766 1254 1814 principiis
1287 1768 1431 1803 assidue
1466 1769 1640 1802 excolue—

263 1837 347 1864 rant
372 1843 378 1863 :
410 1841 537 1864 eorum
569 1835 708 1866 autem,
738 1841 816 1873 quae
841 1828 910 1862 hac
936 1828 994 1862 via
1022 1828 1077 1862 illi
1102 1828 1323 1863 invenerant
1343 1836 1377 1863 et
1401 1829 1638 1876 excogitave-

263 1898 365 1935 rant,
390 1903 501 1936 quum
517 1890 675 1936 plurima
697 1889 734 1922 in
757 1889 928 1935 Scythas,
951 1890 1075 1935 quales
1102 1890 1148 1924 ab
1162 1890 1357 1924 Hellanico
1371 1917 1379 1932 ,
1394 1890 1588 1924 Herodoto
1604 1897 1640 1925 et

264 1952 344 1986 aliis
373 1951 698 1990 describebantur,
731 1949 864 1983 cadere
890 1950 1239 1985 animadvertissent
1270 1950 1563 1997 historiographi
1593 1964 1639 1986 ex

263 2014 457 2048 rhetorum
488 2011 623 2046 scholis
650 2010 896 2057 prodeuntes,
926 2010 1032 2045 initia
1054 2011 1107 2044 ibi
1138 2011 1284 2057 geneiis
1308 2011 1462 2045 humani
1488 2012 1639 2058 conspi—

265 2088 329 2109 cua
355 2086 431 2108 esse
457 2079 697 2115 censuerunt,
723 2084 877 2117 eamque
908 2079 1055 2117 gentem
1083 2079 1117 2106 et
1139 2073 1348 2117 proximam
1375 2084 1496 2105 rerum
1523 2071 1637 2107 initiis

264 2144 299 2171 et
319 2135 478 2170 maxime
498 2134 712 2180 judicarunt
730 2133 922 2176 idoneam,
949 2134 988 2167 in
1009 2146 1078 2180 qua
1105 2134 1250 2180 generis
1268 2134 1420 2168 humani
1445 2134 1637 2168 historiam

264 2197 524 2233 exordirentur
547 2202 582 2230 et
607 2195 686 2229 veri
705 2195 830 2240 aliqua
847 2194 992 2241 specie,
1012 2207 1091 2241 quae
1117 2208 1135 2229 e
1162 2195 1397 2242 philosophia
1423 2195 1639 2237 hauserant,

263 2271 346 2293 cum
365 2270 488 2293 rerum
508 2264 693 2304 gestarum
715 2255 930 2290 narratione
955 2256 1236 2302 conjungerent.
1266 2257 1319 2290 Ita
1344 2255 1480 2290 factum
1505 2263 1576 2298 est,
1598 2263 1639 2290 ut

262 2327 474 2367 temporum
493 2330 645 2365 quoque
666 2316 896 2362 computatio
912 2317 958 2350 ab
982 2316 1039 2350 his
1053 2316 1299 2363 scriptoribus
1318 2317 1465 2363 penitus
1491 2328 1638 2362 perver—

264 2388 434 2416 teretur:
461 2380 562 2426 cujus
595 2379 649 2413 rei
675 2379 712 2413 in
738 2378 847 2412 initio
882 2377 988 2423 hujus
1014 2378 1102 2412 libri
1134 2385 1190 2412 tot
1223 2385 1306 2412 sunt
1342 2386 1375 2412 et
1409 2385 1481 2412 tam
1512 2379 1637 2424 gravia

265 2442 455 2488 exempla,
477 2448 518 2475 ut
549 2441 596 2475 ad
617 2439 813 2475 evitandos
838 2440 1019 2473 lectorum
1045 2451 1190 2474 errores
1214 2440 1309 2474 hanc
1337 2440 1638 2474 observationem

264 2503 504 2538 necessariam
527 2502 751 2537 duxerimus.

315 2566 397 2600 Cu».
420 2565 473 2607 ΙΙ,
497 2564 570 2605 Ill,
598 2564 662 2598 IV.
677 2565 732 2597 De
759 2563 815 2597 his
839 2562 1012 2596 omnibus
1035 2563 1154 2596 multo
1170 2562 1398 2597 accuratiora
1413 2562 1635 2608 verioraque

263 2625 377 2660 tradit
391 2624 625 2667 Herodotus,
639 2624 738 2658 libro
761 2636 820 2666 iv,
835 2635 943 2670 quem
958 2630 1095 2658 temere
1119 2623 1359 2658 deseruerunt
1373 2622 1606 2669 posteriores.
