1783 3282
308 241 363 254 ἉἋ
366 239 742 255 ΜΜΜΜΜἏὟ
745 237 1238 251 mssmbmmtwi
1241 236 1423 249 &mm
1427 236 1436 246 Ι
1439 234 1670 247 'kxwtvvwvuuuvxz

761 451 1019 506 LIBER
1061 448 1223 505 XVI.

309 882 342 921 I.
370 840 506 922 Posr
525 875 756 920 Cassandri
772 876 886 934 regis
899 908 910 929 ,
925 875 1088 935 filiique
1108 875 1298 936 Philippi
1318 876 1545 920 continuas
1565 891 1682 918 mor-

310 965 390 1009 tes,
419 953 722 998 Thessalonice
758 954 924 1012 regina,
962 971 1072 997 uxor
1107 955 1367 1011 Cassandri,
1401 971 1489 997 non
1525 970 1682 1014 magno

311 1043 407 1092 post
427 1043 641 1092 tempore,
662 1032 715 1074 ab
739 1032 972 1090 Antipatro
992 1031 1102 1085 filio,
1126 1049 1261 1091 quum
1285 1033 1420 1075 vitam
1450 1032 1581 1075 etiam
1606 1049 1684 1092 per

310 1112 444 1154 ubera
474 1120 667 1153 materna
695 1110 1024 1170 deprecaretur,
1047 1111 1271 1154 occiditur.
1295 1112 1437 1154 Causa
1461 1110 1684 1170 ‘parricidii

310 1190 416 1244 fuit,
447 1189 563 1249 quod
584 1199 681 1249 post
701 1199 887 1232 mortem
907 1190 1074 1246 mariti,
1100 1190 1145 1232 in
1168 1189 1378 1233 divisione
1398 1190 1510 1232 inter
1530 1189 1684 1232 fratres

311 1269 454 1328 regni,
481 1268 739 1327 propensior
766 1267 897 1311 fuisse
924 1267 1171 1312 Alexandro
1193 1268 1435 1311 videbatur.
1465 1268 1597 1325 Quod
1619 1268 1681 1311 fa-

312 1349 433 1390 cinus
460 1349 504 1390 in
534 1364 583 1390 eo
623 1348 794 1407 gravius
834 1348 1036 1390 omnibus
1070 1348 1212 1391 visum
1246 1358 1333 1403 est,
1365 1347 1482 1407 quod
1513 1346 1680 1390 nullum

313 1436 517 1469 maternae
537 1426 700 1468 fraudis
722 1426 952 1485 vestigium
973 1426 1055 1468 fuit
1074 1443 1082 1468 :
1105 1442 1354 1486 quanquam
1382 1428 1425 1468 in
1452 1425 1685 1486 parricidio

313 1505 431 1548 nulla
459 1506 560 1548 satis
578 1506 696 1564 justa
724 1521 851 1547 causa
881 1504 935 1546 ad
955 1504 1125 1547 sceleris
1145 1505 1387 1564 patrocinia
1406 1506 1582 1564 praetexi
1605 1521 1683 1565 po-

312 1595 409 1627 test.
440 1585 509 1627 Ob
547 1584 637 1626 haec
676 1584 808 1643 igitur
847 1582 1118 1637 Alexander,
1156 1585 1200 1626 in
1230 1583 1442 1626 ultionem
1481 1592 1685 1626 maternae

313 1664 450 1717 necis,
471 1672 671 1723 gesturus
699 1678 797 1704 cum
822 1661 953 1706 fratre
978 1661 1138 1705 bellum
1153 1697 1163 1717 ,
1189 1662 1397 1706 auxilium
1419 1680 1442 1706 a
1462 1662 1686 1707 Demetrio

314 1744 441 1802 petit;
472 1758 551 1785 nec
583 1743 859 1795 Demetrius,
886 1758 959 1801 spe
988 1741 1221 1784 invadendi
1246 1742 1515 1785 macedonici
1540 1742 1686 1801 regni,

314 1838 481 1865 moram
509 1821 620 1864 fecit.
651 1821 788 1879 Cujus
815 1819 1052 1863 adventum
1080 1837 1232 1863 verens
1256 1821 1560 1880 Lysimachus,
1589 1836 1686 1879 per-

316 1900 467 1943 suadet
487 1915 646 1959 genero
662 1915 739 1941 suo
759 1899 1007 1958 Antipatro,
1025 1909 1072 1942 ut
1100 1899 1222 1942 malit
1247 1916 1347 1942 cum
1372 1899 1504 1942 fratre
1525 1900 1568 1941 in
1589 1915 1687 1959 gra-

315 1980 419 2022 tiam
457 1979 635 2032 reverti,
669 1994 798 2036 quam
833 1987 1065 2037 paternum
1101 1978 1271 2021 hostem
1306 1978 1350 2020 in
1383 1978 1686 2021 Macedoniam

317 2058 500 2101 admitti.
532 2057 785 2101 Inchoatam
809 2057 943 2117 igitur
969 2057 1082 2100 inter
1107 2056 1261 2100 fratres
1289 2056 1687 2101 reconciliationem

318 2154 450 2196 quum
474 2138 766 2197 praesensisset
790 2137 1062 2190 Demetrius,
1089 2153 1165 2195 per
1191 2136 1367 2179 insidias
1390 2135 1687 2180 Alexandrum

320 2216 543 2270 interficit3
572 2225 868 2275 occupatoque
903 2215 1168 2258 Macedoniae
1191 2232 1326 2275 regno
1344 2250 1354 2268 ‚
1381 2215 1540 2258 caedem
1571 2214 1687 2275 apud

318 2295 555 2338 exercitum
573 2305 873 2349 excusaturus,
893 2295 935 2336 in
954 2295 1206 2337 concionem
1223 2304 1360 2336 vocat.
1383 2295 1451 2337 Ibi
1466 2294 1689 2337 «Priorem

320 2391 362 2417 se
389 2374 572 2433 petitum
604 2373 657 2416 ab
681 2372 928 2416 Alexandro
952 2370 1135 2432 allegat:
1159 2389 1239 2415 nec
1264 2372 1412 2416 fecisse
1435 2389 1504 2428 se,
1524 2372 1598 2415 sed
1618 2388 1690 2415 oc-

320 2468 497 2512 cupasse
526 2452 715 2495 insidias.
745 2455 904 2511 Regem
937 2461 1082 2493 autem
1104 2468 1147 2494 se
1175 2451 1442 2495 Macedoniae
1462 2451 1529 2494 vel
1553 2451 1690 2494 aetatis

320 2531 654 2591 experimentis,
692 2530 759 2573 vel
799 2531 937 2573 causis
972 2531 1201 2589 justiorem
1231 2547 1335 2574 esse.
1373 2533 1545 2574 Patrem
1575 2530 1690 2573 enim

321 2626 445 2653 suum
475 2619 517 2652 et
544 2609 747 2669 Philippo
776 2610 885 2669 regi,
920 2619 962 2651 et
990 2608 1237 2653 Alexandro
1266 2612 1428 2670 Magno
1458 2610 1620 2652 socium
1648 2609 1691 2651 in
