1783 3282
95 274 966 290 mvnmmsvwwxwv=wvmmwvttvwmxmumxwxmxmaxtvw
972 276 1459 291 -mvzwiwvvkuwxwvvvnwumwm

547 494 801 550 LIBER
845 495 1008 550 XXI.

87 868 428 949 I.ExsT1NCTo
469 904 510 944 in
555 900 699 945 Sicilia
732 902 944 962 Dionysio
986 912 1190 962 tyrannO,
1230 905 1273 947 in
1311 904 1453 950 locum

86 984 178 1042 ejus
208 981 363 1025 milites
389 982 627 1024 maximum
654 990 758 1023 natu
787 997 837 1024 ex
864 980 963 1023 filiis
999 982 1112 1041 ejus,
1138 984 1313 1026 nomine
1343 986 1450 1028 Dio-

85 1061 276 1120 nysium,
317 1060 543 1115 suffecere,
583 1070 624 1103 et
659 1069 824 1103 naturae
855 1061 927 1119 jus
968 1063 1129 1116 secuti,
1158 1072 1199 1104 et
1226 1063 1345 1123 quod
1380 1064 1450 1107 fir·

86 1141 196 1183 mius
221 1140 415 1183 futurum
442 1156 531 1183 esse
556 1156 763 1199 regnum,
783 1139 815 1182 si
838 1156 969 1198 penes
998 1156 1131 1183 unum
1159 1144 1448 1198 remansisset,

85 1236 215 1278 quam
244 1221 278 1262 si
305 1219 580 1279 portionibus
605 1219 718 1261 inter
750 1218 894 1278 plures
927 1218 1039 1262 filios
1065 1219 1353 1276 divideretur,
1384 1238 1450 1265 ar-

85 1299 373 1341 bitrabantur.
400 1299 483 1341 Sed
507 1298 742 1358 Dionysius
757 1299 870 1340 inter
889 1298 1013 1341 initia
1039 1300 1181 1359 regni,
1208 1299 1448 1343 avunculos

81 1378 266 1420 fratrum
292 1393 491 1433 suorum,
518 1376 653 1420 veluti
676 1376 851 1420 aemulos
878 1378 1047 1437 imperii
1065 1379 1148 1434 sui,
1176 1379 1446 1423 hortatores-

81 1473 164 1515 que
195 1472 434 1516 puerorum
475 1455 529 1498 ad
562 1455 818 1499 divisionem
850 1457 1002 1516 regni,
1042 1455 1193 1500 tollere
1221 1458 1442 1517 gestiebat.

79 1536 179 1591 Qua
200 1552 245 1578 re
267 1534 485 1594 paulisper
507 1534 799 1589 dissimulata,
821 1535 1015 1577 animum
1033 1536 1155 1596 prius
1175 1536 1229 1578 ad
1250 1535 1444 1580 favorem

80 1613 356 1673 popularium
384 1612 704 1656 conciliandum
736 1613 944 1668 intendit,
976 1614 1221 1657 excusatius
1246 1613 1442 1659 facturus

79 1692 197 1751 quod
220 1701 455 1747 statuerat,
480 1692 513 1734 si
552 1692 761 1751 probatus
790 1702 890 1734 ante
921 1693 1123 1736 omnibus
1150 1692 1274 1736 foret.
1302 1694 1443 1753 Igitur

77 1788 289 1815 nexorum
316 1773 395 1814 tria
422 1770 555 1814 millia
573 1787 595 1814 e
610 1787 781 1814 carcere
804 1771 1008 1827 dimittit,
1027 1772 1192 1815 tributa
1211 1789 1286 1832 per
1313 1773 1445 1816 trien-

76 1852 196 1894 nium
212 1852 418 1906 remittit,
434 1861 476 1894 et
495 1852 828 1911 quibuscunque
851 1851 1144 1896 delinimentis
1160 1863 1327 1912 potest,
1351 1854 1440 1896 ani-

76 1947 168 1974 mos
190 1932 387 1974 omnium
412 1929 629 1973 sollicitat.
648 1933 772 1973 Tunc
791 1931 845 1973 ad
868 1930 1131 1975 destinatum
1159 1931 1324 1975 facinus
1343 1949 1443 1975 con-

76 2026 219 2052 versus
249 2026 336 2052 non
367 2018 574 2069 cognatos
613 2019 782 2052 tantuin
824 2009 1031 2066 fratrum,
1065 2010 1138 2053 sed
1170 2012 1297 2053 etiam
1326 2013 1443 2071 ipsos

74 2088 301 2131 interficit:
322 2098 396 2143 ut,
425 2089 580 2146 quibus
606 2089 874 2131 consortium
900 2090 1023 2148 regni
1046 2089 1251 2144 debebat,
1276 2107 1330 2133 ne
1359 2092 1443 2151 spi-

72 2168 179 2210 ritus
198 2167 373 2227 quidem
387 2168 656 2211 consortium
675 2166 962 2226 relinqueret,
979 2168 1255 2227 tyrannidem
1279 2171 1321 2212 in
1342 2186 1442 2212 suos

70 2247 213 2306 prius,
239 2263 369 2305 quam
399 2248 442 2288 in
467 2256 637 2289 exteros
663 2246 923 2305 auspicatus.

137 2328 188 2368 II.
216 2325 406 2369 Sublatis
436 2325 592 2369 deinde
617 2325 802 2381 aemulis,
831 2326 875 2369 in
913 2327 1140 2386 segnitiem
1171 2326 1342 2387 lapsus,
1373 2346 1439 2371 sa—

69 2407 215 2464 ginam
252 2406 444 2464 corporis
475 2422 526 2448 ex
569 2406 702 2448 nimia
739 2404 932 2461 luxuria,
972 2405 1290 2467 oculorumque
1326 2407 1436 2450 valc-

69 2484 262 2527 tudinem
296 2485 539 2539 contraxit,
565 2483 672 2527 adeo
699 2494 746 2527 ut
773 2501 860 2527 non
887 2484 1045 2541 solem,
1072 2502 1160 2529 non
1192 2486 1434 2546 pulverem,

70 2580 154 2606 non
182 2563 368 2623 (lenique
395 2563 669 2623 splendorem
697 2564 807 2607 ferre
826 2564 931 2607 lucis
954 2566 1094 2624 ipsius
1121 2576 1278 2625 posset.
1306 2569 1433 2625 Prop-

69 2654 132 2687 ter
157 2661 250 2703 quae
277 2644 377 2687 dum
421 2645 638 2687 contemni
664 2661 706 2687 se
735 2654 883 2703 putat,
913 2646 1071 2687 saevitia
1096 2656 1343 2705 grassatur,
1365 2662 1439 2688 nec

1179 2740 1242 2766 12.
