1783 3282
334 290 519 323 JUSTINI
551 289 895 323 HISTORIARUM
925 293 1010 326 Llss.
1042 294 1101 327 lv.
1353 298 1399 338 ,27

40 373 125 416 illic
156 373 365 432 gemitum
399 373 440 414 in
474 373 724 432 voraginem
759 372 993 417 desidentis
1025 377 1240 420 exaudias.
1266 382 1400 423 Acce-

35 454 141 495 dunt
166 452 292 494 vicini
310 460 347 493 et
370 452 567 510 perpetui
595 453 732 495 AEtnae
753 453 910 495 montis
933 454 1073 513 ignes,
1097 464 1137 496 et
1162 456 1398 501 insularum

35 530 271 585 AEolidum,
301 529 432 573 veluti
467 532 569 590 ipsis
607 531 734 574 undis
769 531 911 575 alatur
947 532 1210 576 incendium.
1249 537 1402 595 Neque

33 610 149 653 enim
185 611 227 652 in
258 619 346 652 tam
372 610 564 669 angustis
595 611 790 653 terminis
823 610 947 653 aliter
971 611 1128 654 durare
1161 621 1222 655 tot
1252 613 1402 658 seculis

35 698 178 733 tantus
203 690 313 749 ignis
338 689 566 749 potuisset,
591 690 671 732 nisi
692 688 887 732 humoris
908 691 1186 735 nutrimentis
1201 691 1400 737 aleretur.

33 769 146 812 Hinc
169 769 300 827 igitur
328 766 480 810 fabulae
505 766 689 826 Scyllam
714 777 754 810 ct
772 768 1025 827 Charybdin
1051 786 1280 829 peperere;
1302 772 1403 815 him·

34 847 213 891 latratus
236 845 390 899 auditi3
406 845 508 889 hinc
533 847 716 888 monstri
740 846 902 889 credita
927 846 1177 902 simulacra,
1199 849 1305 893 dum
1329 868 1403 894 na—

38 928 248 985 vigantes,
274 925 441 985 magnis
473 925 710 968 vorticibus
744 925 885 986 pelagi
922 926 1155 971 desidentis
1188 931 1401 985 exterriti,

31 1002 188 1046 latrare
213 1012 367 1063 putant
389 1003 526 1046 undas
542 1037 552 1057 ,
579 1020 684 1063 quas
709 1005 922 1049 sorbentis
946 1015 1070 1049 aestus
1096 1022 1259 1068 vorago
1282 1008 1402 1051 colli-

32 1081 107 1124 dit.
129 1081 293 1125 Eadem
315 1098 442 1125 causa
466 1083 595 1125 etiam
615 1084 751 1126 AEtnae
772 1085 929 1127 montis
954 1094 1186 1144 perpetuos
1209 1088 1327 1147 ignes
1345 1089 1403 1130 fa-

32 1162 102 1205 cit.
124 1163 236 1206 Nam
257 1178 466 1221 aquarum
492 1160 563 1204 ille
581 1178 815 1205 concursus
838 1172 1011 1222 raptum
1032 1180 1175 1208 secum
1202 1166 1400 1225 spiritum

37 1243 80 1284 in
102 1241 235 1284 imum
259 1240 442 1283 fundum
468 1240 620 1295 trahit,
646 1249 774 1300 atque
790 1241 848 1283 ibi
871 1241 1131 1285 suffocatum
1152 1243 1316 1286 tamdiu
1345 1254 1403 1287 te-

36 1329 126 1375 net,
155 1319 293 1362 donec
322 1335 399 1379 per
429 1320 720 1379 spiramenta,
748 1329 870 1362 terrae
899 1320 1104 1375 diffusus,
1136 1324 1402 1366 nutrimenta

33 1399 142 1459 ignis
165 1398 381 1441 incendat.
402 1402 497 1442 Jam
522 1400 615 1458 ipsa
636 1398 771 1442 Italiae
793 1398 1035 1459 Siciliaeque
1058 1401 1276 1457 vicinitas,
1296 1403 1401 1462 jam,

31 1479 436 1538 promontoriorum
460 1477 645 1522 altitudo
678 1480 769 1539 ipsa
798 1480 856 1521 ita
888 1478 1039 1522 similis
1064 1490 1145 1534 est,
1173 1491 1243 1535 ut,
1268 1499 1401 1541 quan-

32 1567 122 1600 tum
141 1574 258 1601 nunc
273 1557 594 1613 admirationis,
613 1567 782 1601 tantum
806 1559 996 1617 antiquis
1020 1561 1197 1602 terroris
1219 1560 1401 1613 dederit,

31 1636 326 1691 credentibus,
355 1637 610 1680 coeuntibus
636 1638 680 1679 in
710 1654 752 1680 se
788 1639 1121 1696 promontoriis,
1149 1656 1197 1681 ac
1230 1656 1400 1682 rursum

32 1715 372 1771 discedentibus,
393 1715 527 1759 solida
552 1717 754 1775 intercipi
774 1717 1029 1776 absumique
1049 1718 1234 1778 navigia.
1252 1719 1404 1778 Neque

32 1797 114 1839 hoc
143 1796 194 1839 ab
219 1797 407 1855 antiquis
436 1797 480 1838 in
505 1795 781 1839 dulcedinem
815 1794 969 1838 fabulae
993 1798 1308 1856 compositum,
1331 1799 1402 1841 sed

33 1885 152 1920 metu
181 1885 221 1918 et
253 1875 540 1918 admiratione
562 1875 894 1918 transeuntium.
926 1877 986 1918 Ea
1017 1884 1077 1918 est
1109 1876 1224 1918 enim
1252 1877 1403 1936 procul

34 1955 363 2015 inspicientibus
398 1964 554 1997 natura
582 1953 684 2009 loci,
715 1963 761 1997 ut
791 1955 933 1997 sinum
958 1955 1108 2007 maris,
1133 1972 1222 1998 non
1252 1958 1405 1999 transi-

33 2044 124 2077 tum
151 2043 297 2094 putes;
327 2050 413 2094 quo
449 2050 583 2093 quum
621 2034 868 2089 accesseris,
898 2032 1119 2077 discedere
1158 2051 1207 2077 ac
1238 2036 1403 2095 sejungi

34 2114 354 2172 promontoria,
378 2130 472 2173 quae
492 2123 618 2155 antea
639 2114 791 2172 juncta
813 2112 995 2167 fuerint,
1020 2113 1244 2156 arbitrere.

96 2194 151 2235 ΙΙ.
173 2191 327 2236 Siciliae
349 2193 491 2252 primo
517 2192 750 2235 Trinacriae
770 2208 928 2234 nomen
949 2192 1049 2246 fuit3
1068 2202 1217 2251 postea
1236 2193 1406 2236 Sicania

35 2272 340 2331 cognominata
366 2281 441 2315 est.
467 2274 568 2315 Haec
593 2288 615 2314 a
638 2271 855 2331 principio
880 2272 1020 2330 patria
1043 2269 1285 2330 Cyclopum
1305 2271 1406 2325 suit;

35 2350 192 2410 quibus
213 2351 452 2404 exstinctis,
468 2349 651 2395 Cocalus
665 2367 850 2410 regnum
866 2349 1016 2393 insulae
1029 2353 1259 2411 occupavit
1279 2367 1287 2392 :
1311 2359 1403 2410 post

36 2446 165 2489 quem
188 2428 365 2489 singulae
386 2430 578 2472 civitates
603 2431 646 2473 in
670 2440 956 2489 tyrannorum
981 2430 1212 2490 imperium
1235 2446 1408 2472 conces-

37 2519 210 2565 serunt,
233 2525 420 2569 quorum
449 2508 567 2551 nulla
592 2518 705 2552 terra
728 2509 913 2552 feracior
938 2510 1031 2552 fuit.
1058 2512 1226 2552 Horum
1256 2525 1306 2550 ex
1331 2525 1410 2550 nu-

37 2606 158 2632 mero
187 2587 423 2632 Anaxilaus
448 2588 615 2646 justitia
638 2604 737 2630 cum
765 2597 1009 2631 ceterorum
1040 2587 1295 2630 crudelitate
1320 2603 1411 2630 cer-

40 2669 175 2719 tabat3
190 2668 311 2727 cujus
336 2667 647 2710 moderationis
662 2666 780 2709 haud
801 2667 1061 2710 mediocrem
1083 2666 1271 2709 fructum
1297 2665 1406 2707 tulit.
