1783 3282
526 217 870 252 HISTORIARUM
902 220 987 253 LIB.
1014 222 1055 253 V.
1430 223 1476 257 5¹3

106 309 296 353 struere;
321 308 362 342 et
391 309 569 342 eatenus
604 298 766 342 bellum
798 301 1119 355 sustinendum,
1145 320 1197 346 nc
1231 306 1377 365 inopia
1401 305 1474 349 de-

105 387 287 419 seratur.
327 378 438 420 Nam
474 394 618 437 regem
659 381 911 432 Persarum,
946 378 1254 424 dissidentibus
1282 385 1473 438 Graecis,

105 455 317 498 arbitrum
340 457 457 515 pacis
476 473 524 500 ac
552 456 654 500 belli
680 458 792 512 sore3
817 467 858 501 et
881 474 990 518 quos
1013 459 1100 502 suis
1123 476 1211 502 non
1235 465 1392 519 possit,
1419 466 1476 524 ip-

106 549 253 576 sorum
276 536 410 578 armis
440 535 684 591 victurum3
713 536 905 596 perfecto
931 546 1074 580 autem
1103 536 1238 592 bello,
1264 542 1402 584 statim
1431 547 1466 587 ei

104 628 203 654 cum
248 613 485 657 victoribus
526 614 835 659 dimicandum.
876 617 1138 659 Domesticis
1174 617 1318 676 itaque
1353 619 1471 663 bellis

107 691 323 734 G-raeciam
344 692 638 749 atterendam,
659 710 714 737 ne
734 695 922 737 externis
939 703 1081 747 vacet3
1103 695 1473 756 exaequalldasquc

104 771 216 813 vires
235 771 446 830 partium,
472 781 516 813 et
542 771 769 815 inferiores
792 771 953 815 auxilio
984 772 1201 816 levandos.
1231 775 1333 818 Non
1359 776 1473 818 enim

103 849 328 908 quieturos
347 858 443 908 post
463 849 577 893 hanc
602 850 830 893 victoriam
853 853 1110 911 Spartanos,
1125 853 1200 911 qui
1217 852 1412 896 vindices
1433 871 1474 897 se

103 927 314 971 libertatis
339 929 517 972 Graeciae
534 929 715 989 professi
731 930 829 974 sint.
850 950 870 971 (ε
884 933 1021 974 Grata
1042 932 1182 974 oratio
1195 932 1473 992 Tissapherni

104 1007 197 1050 fuit.
211 1009 366 1067 Itaque
388 1017 654 1052 commeatus
672 1008 861 1070 maligne
879 1010 1095 1069 praebere,
1116 1011 1295 1054 classem
1311 1013 1473 1072 regiani

104 1103 192 1129 non
222 1095 357 1129 totam
382 1088 578 1142 mittere3
606 1104 660 1130 ne
695 1098 769 1131 aut
797 1089 1024 1132 victoriam
1056 1098 1190 1133 totam
1221 1090 1364 1146 daret,
1402 1102 1473 1134 aut

103 1168 401 1210 necessitatem
424 1166 670 1225 deponendi
692 1167 794 1210 belli
819 1169 1077 1227 imponeret.

165 1247 244 1288 III.
268 1248 441 1289 Interea
467 1245 710 1289 Alcibiades
736 1247 848 1290 hanc
876 1263 1055 1306 operam
1083 1249 1248 1292 civibus
1281 1249 1474 1292 vendita-

102 1325 176 1368 bat
198 1342 207 1367 :
230 1325 284 1368 ad
301 1341 430 1384 quem
450 1342 585 1386 quum
610 1324 739 1386 legati
761 1326 1093 1370 Atheniensium
1118 1329 1359 1382 venissent,
1385 1328 1475 1389 pol-

102 1403 258 1448 licetur
274 1404 340 1447 his
363 1405 600 1448 amicitiam
626 1406 760 1465 regis,
781 1406 815 1448 si
838 1405 1122 1465 respublicaa
1146 1407 1310 1467 populo
1336 1418 1475 1452 trans-

102 1483 187 1527 lata
213 1484 267 1527 ad
295 1494 493 1528 senatum
518 1484 629 1528 foret
651 1502 659 1527 ι
692 1501 871 1545 sperans
903 1496 972 1540 ut,
998 1496 1073 1529 aut
1099 1487 1394 1531 concordante
1422 1491 1477 1530 ci-

100 1564 252 1619 vitate,
289 1563 378 1607 dux
409 1563 512 1607 belli
544 1564 597 1607 ab
635 1564 840 1609 omnihus
876 1563 1112 1625 legeretur,
1148 1576 1224 1609 aut
1261 1566 1474 1610 discordia

102 1643 217 1685 inter
244 1642 419 1685 ordines
444 1643 576 1699 facta,
602 1643 655 1685 ab
685 1642 818 1686 altera
842 1653 965 1702 parte
994 1644 1037 1686 in
1065 1644 1274 1687 auxilium
1296 1662 1473 1689 vocare—

103 1732 186 1765 tur.
209 1721 294 1765 Sed
318 1722 680 1777 Atheniensibus,
706 1723 960 1765 imminente
978 1722 1173 1782 periculo
1193 1723 1316 1776 belli,
1336 1726 1475 1784 major

103 1800 280 1857 salutis,
309 1818 440 1861 quam
478 1801 701 1861 dignitatis
733 1818 835 1844 cura
870 1801 963 1844 fuit.
993 1804 1165 1861 Itaque,
1198 1805 1473 1862 permittente

102 1882 285 1943 populo,
326 1883 559 1942 imperium
589 1882 642 1924 ad
677 1892 875 1926 senatum
912 1880 1184 1925 transfertur.
1216 1884 1306 1939 Qui
1340 1901 1471 1943 quum

101 1962 230 2005 insita
262 1963 382 2022 genti
421 1962 625 2022 superbia
662 1960 897 2005 crudeliter
933 1962 977 2004 in
1009 1961 1180 2021 plebem
1210 1961 1473 2012 consuleret,

101 2040 284 2102 singulis
320 2041 562 2102 tyrannidis
595 2041 676 2084 sibi
716 2042 1021 2101 impotentiam
1050 2041 1397 2096 vindicantibus,
1421 2043 1472 2084 ab

101 2122 293 2164 exercitu
318 2120 562 2164 Alcibiades
586 2119 704 2164 exsul
730 2130 979 2175 revocatur,
1010 2120 1184 2180 duxque
1213 2120 1337 2164 classi
1374 2138 1474 2164 eon—

103 2200 310 2243 stituitur.
332 2201 486 2244 Statim
511 2200 646 2261 igitur
664 2200 856 2243 Athenas
876 2200 1028 2254 mittit,
1043 2219 1062 2240 «
1079 2202 1146 2243 Ex
1169 2201 1409 2243 continenti
1432 2217 1474 2243 se

102 2295 202 2322 cum
226 2280 418 2323 exercitu
447 2288 701 2335 venturum,
727 2288 1095 2339 recepturumque
1124 2295 1147 2321 a
1182 2278 1474 2339 quadringen-

103 2360 157 2402 tis
181 2359 279 2418 jura
313 2358 484 2418 populi,
515 2361 559 2402 ni
595 2360 677 2419 ipsi
710 2359 994 2402 redderent.»
1023 2361 1116 2402 Hac
1145 2359 1474 2402 denuntiatione

101 2439 334 2500 optimates
371 2439 536 2493 territi,
566 2440 708 2498 primo
738 2439 889 2482 urbem
923 2438 1107 2498 prodere
1136 2438 1474 2481 Lacedaemoniis

100 2528 325 2562 tentavere
351 2535 358 2560 :
387 2517 513 2571 dein,
543 2534 679 2576 quum
709 2518 749 2560 id
780 2519 1051 2577 nequissent,
1080 2519 1121 2559 in
1151 2517 1347 2560 exsilium
1374 2533 1471 2576 pro-

99 2598 201 2641 sceti
231 2606 344 2640 sunt.
374 2597 513 2656 Igitur
544 2595 802 2651 Alcibiades,
832 2597 1039 2640 intestino
1064 2596 1177 2639 malo
1206 2597 1344 2656 patria
1374 2595 1474 2638 libe-
