1783 3282
469 263 824 299 HISTORIARUM
848 265 939 299 LIB.
969 267 1089 302 XXII.
1400 282 1411 302 ι
1422 269 1470 314 83)

93 348 254 390 bantur
273 364 281 390 ε
306 346 379 390 sed
405 348 595 391 terrebat
618 364 689 391 eos
710 348 901 408 portenti
925 347 1098 408 religio,
1121 351 1238 409 quod
1259 352 1468 413 navigan-

93 427 206 470 tibus
231 426 290 469 eis
321 424 384 470 sol
416 426 644 470 defecerat.
683 427 819 487 Cujus
849 427 912 470 rei
939 428 1153 471 rationem
1188 446 1276 473 non
1303 433 1470 475 minore

92 522 196 548 cura
230 522 326 562 reX,
361 523 492 566 quam
519 505 648 561 belli,
675 506 908 563 reddebat,
949 506 1192 563 affirmans,
1225 510 1295 552 «si
1328 513 1469 571 prius,

89 601 221 644 quam
241 585 649 646 proficiscerentur,
677 586 842 630 factum
863 596 998 640 esset,
1023 586 1294 630 crediturum
1319 590 1470 634 adver-

89 681 186 707 sum
222 665 497 725 profecturos
534 665 786 726 prodigium
820 682 913 709 esse
947 682 1122 722 :nunc,
1152 666 1255 725 quia
1290 670 1469 726 egressis

88 744 313 799 acciderit,
333 744 438 800 illis,
455 744 510 787 ad
524 761 631 804 quos
656 754 802 800 eatur,
821 744 1097 805 portendere.
1118 747 1257 789 Porro
1277 745 1470 789 defectus

88 823 355 867 naturalium
371 823 563 867 siderum
575 839 744 884 semper
759 834 1018 884 praesentem
1036 841 1185 868 rerum
1201 835 1364 868 statum
1381 844 1470 870 mu-

90 915 209 959 tare3
231 913 486 964 certumque
504 921 616 960 esse,
643 904 900 948 florentibus
925 905 1357 966 Carthaginiensium
1379 909 1470 968 opi-

87 984 187 1041 bus,
204 983 483 1044 adversisque
501 984 630 1028 rebus
649 985 736 1028 suis
748 1019 759 1039 ,
778 985 1168 1029 commutationem
1185 987 1432 1047 significari.
1450 1009 1469 1029 υ

87 1065 157 1108 Sic
196 1064 428 1109 consolatis
466 1064 701 1121 militibus,
738 1066 962 1109 universas
988 1082 1143 1123 naves,
1169 1068 1468 1112 consentiente

87 1145 300 1201 exercitu,
328 1145 499 1189 incendi
521 1146 670 1205 jubet,
697 1154 745 1188 ut
779 1161 928 1189 omnes
965 1146 1147 1202 scirent,
1171 1146 1333 1191 auxilio
1359 1148 1470 1209 fugae

85 1224 312 1285 adempto,
344 1235 420 1268 aut
443 1224 728 1281 vincendum,
761 1235 836 1267 aut
862 1225 1140 1268 moriendum
1161 1242 1265 1270 esse.
1297 1228 1469 1271 Deinde

85 1322 224 1366 quum
251 1307 420 1362 omnia,
447 1322 710 1366 quacunque
732 1304 1088 1365 ingrederentur,
1112 1317 1469 1366 prosternerent„

86 1384 208 1429 villas
234 1384 498 1445 castellaque
524 1385 832 1441 incenderent,
860 1384 1015 1428 obvius
1040 1385 1100 1428 eis
1129 1385 1214 1429 fuit
1244 1403 1344 1430 cum
1382 1404 1470 1432 xxx

84 1464 278 1509 millibus
298 1467 535 1509 Poenorum
561 1467 746 1508 Hanno:
769 1463 842 1508 sed
863 1462 1017 1524 proelio
1036 1466 1284 1522 commisso,
1311 1466 1398 1510 duo
1416 1466 1470 1511 de

86 1544 240 1589 Siculis
255 1579 266 1601 ,
289 1546 372 1588 tria
388 1544 524 1588 millia
542 1544 595 1588 de
614 1546 758 1588 Poenis
782 1561 882 1588 cum
907 1545 1000 1604 ipso
1018 1544 1130 1588 duce
1146 1545 1355 1589 cecidere.
1376 1549 1469 1590 Hac

86 1626 267 1670 victoria
282 1636 326 1669 et
344 1624 593 1670 Siculorum
608 1625 743 1669 animi
760 1626 1009 1685 eriguntur,
1031 1633 1073 1668 et
1094 1626 1333 1669 Poenorum
1353 1626 1470 1669 fran-

85 1715 261 1766 guntur.
296 1704 584 1767 Agathocles,
616 1706 740 1749 victis
776 1705 1004 1762 hostibus,
1042 1705 1171 1749 urbes
1206 1704 1469 1766 castellaque

84 1796 326 1847 expugnat,
359 1786 527 1846 praedas
561 1787 757 1847 ingentes
789 1786 905 1846 agit,
936 1786 1131 1829 hostium
1162 1785 1302 1830 multa
1335 1786 1469 1830 millia

87 1866 289 1910 trucidat.
328 1867 484 1910 Castra
519 1866 677 1910 deinde
716 1867 760 1909 in
791 1866 947 1925 quinto
973 1865 1115 1926 lapide
1149 1882 1174 1908 a
1204 1866 1470 1926 Carthagine

88 1947 259 2000 statuit,
295 1956 345 1989 ut
383 1946 542 1989 damna
571 1945 894 1989 carissimarum
933 1961 1101 1999 rerum,
1134 1946 1471 2005 vastitatemque

83 2042 311 2086 agrorum,
334 2036 376 2069 et
401 2025 602 2070 incendia
616 2023 820 2069 villarum
844 2024 897 2067 de
918 2026 1056 2068 muris
1077 2024 1211 2085 ipsius
1230 2024 1350 2068 urbis
1377 2040 1471 2085 spe-

83 2105 350 2149 cularentur.
381 2108 553 2149 Interea
587 2106 740 2166 ingens
773 2115 863 2148 tota
894 2104 1043 2149 Africa
1077 2103 1207 2147 deleti
1232 2106 1469 2148 Poenorum

87 2185 300 2229 exercitus
336 2184 474 2240 fama,
514 2194 917 2245 occupatarumque
957 2185 1164 2240 urbium,
1201 2182 1466 2244 divulgatur.

83 2269 250 2326 Stupor
268 2266 414 2325 itaque
432 2281 582 2308 omnes
599 2274 641 2308 et
659 2265 892 2308 admiratio
909 2264 1104 2320 incessit,
1119 2262 1236 2307 unde
1253 2274 1376 2308 tanto
1389 2264 1470 2308 im-

84 2347 205 2406 perio
221 2356 310 2389 tam
323 2345 516 2389 subitum
532 2343 718 2396 bellum,
740 2345 975 2405 praesertim
1001 2344 1054 2387 ab
1076 2344 1202 2387 hoste
1215 2344 1307 2404 jam
1328 2345 1467 2388 victo:

84 2426 317 2469 admiratio
332 2424 488 2468 deinde
509 2423 719 2484 paulatim
738 2426 782 2467 in
800 2434 1103 2484 contemptum
1118 2426 1353 2468 Poenorum
1370 2441 1468 2468 ver-

85 2508 204 2550 titur.
242 2508 335 2550 Nec
364 2503 504 2548 multo
539 2515 635 2564 post
674 2521 762 2548 non
797 2504 891 2547 Afri
922 2515 1118 2559 tantum,
1150 2521 1303 2548 verum
1337 2506 1465 2548 etiam

85 2587 214 2630 urbes
233 2584 529 2641 nobilissimae,
552 2584 791 2627 novitatem
807 2593 964 2627 secutae
977 2618 988 2640 ,
1012 2584 1066 2626 ad
1090 2583 1375 2644 Agathoclem
1393 2583 1466 2626 do.-

86 2667 245 2721 fccere,
268 2665 575 2724 frumentoque
600 2673 641 2706 et
666 2663 881 2723 stipendio
911 2665 1117 2706 victorem
1143 2664 1399 2706 instruxere.
