1783 3282
501 310 763 347 HISTORIAS
793 309 1114 347 PHILIPPICAS.
1421 325 1440 347 2
1446 317 1464 355 4
1474 325 1491 356 7

175 393 258 427 CAP.
292 393 320 425 I.
355 388 662 436 Polyperchonte.
704 385 774 420 Hic
814 385 978 419 Justinus
1011 387 1348 435 Polyperchontem
1380 390 1492 424 altera

122 453 202 488 vice
227 451 323 486 mori
346 449 472 496 jussit,
499 449 565 484 sed
592 460 639 483 ne
664 453 753 481 tunc
779 445 930 492 quidem
953 457 1039 480 vere
1069 455 1237 483 mortuus
1263 457 1325 485 est.
1356 451 1493 484 Iterum

125 515 306 559 Prologus
333 510 473 545 indicat
494 511 660 556 Trogum
686 507 776 542 olim
800 507 876 542 haec
900 512 1001 542 recte
1025 508 1231 544 tradidisse.
1254 511 1379 545 Frater
1404 513 1494 546 Per—

123 574 235 609 diccae
260 579 338 607 erat
360 574 525 606 Alcetas.

173 635 293 680 Apud
312 634 514 668 Gamalam
534 631 702 667 vincitur.
731 630 850 665 Codd.
877 630 1013 665 vetusti
1039 629 1252 664 Calamam.
1273 632 1495 680 Intelligitur

124 708 248 742 pugna
270 696 316 729 ad
341 696 487 730 Gazam
505 694 611 729 facta.

179 757 263 792 CAP.
289 758 336 791 11.
368 757 552 790 Hercules.
574 754 670 789 Vide
701 755 922 801 Prologum,
948 753 1011 788 ubi
1027 754 1143 799 justus
1169 767 1290 790 rerum
1316 757 1410 791 ordo
1430 758 1496 793 ha-

125 819 250 862 betur,
279 829 387 864 quem
407 815 644 862 excerpendo
671 815 851 862 pervertit
876 815 1051 850 Justinus.

178 879 384 926 Sepultura.
409 879 437 912 Ι.
459 890 489 911 e.
510 876 768 911 combustione
797 876 835 910 in
860 888 966 923 rogo.

174 940 392 974 Finitimum
412 939 558 974 bellum.
586 939 650 973 Est
670 938 806 972 bellum
834 950 915 972 cum
935 937 1125 972 Demetrio
1145 938 1181 973 in
1208 939 1412 986 Thessalia,
1435 942 1496 989 qui

121 1007 332 1047 expugnata
359 999 539 1047 Sicyone,
566 999 750 1034 Corintho
776 998 973 1046 multisque
993 999 1073 1034 aliis
1103 1000 1252 1034 Achaiae
1278 1002 1433 1037 urbibus
1459 1003 1497 1037 in

119 1061 260 1096 Graecia
288 1061 519 1096 dominatum
542 1061 687 1107 agebat.

175 1124 259 1158 CAP.
284 1123 351 1157 III.
380 1122 648 1169 Lysimachus,
679 1128 745 1157 etc.
775 1123 958 1168 Perquam
978 1122 1092 1157 dubia
1114 1123 1190 1159 haec
1221 1133 1315 1161 sunt.
1347 1127 1389 1160 V.
1414 1128 1499 1161 ST.-

122 1186 265 1228 Cnmx,
293 1185 470 1218 Examen
493 1184 666 1230 critique,
688 1192 774 1225 ecc„
803 1196 839 1230 p.
866 1183 939 1218 363
960 1197 1040 1231 sqq.

174 1246 432 1280 Ferocissimoe
461 1253 602 1293 gentes.
635 1245 795 1279 Thraces
826 1251 862 1278 et
896 1245 1030 1290 adjecti
1058 1247 1105 1282 ad
1129 1249 1287 1282 Pontum
1313 1249 1498 1284 Euxinum

120 1307 260 1355 populi.

179 1370 261 1404 Cn.
293 1370 357 1403 IV.
383 1367 634 1413 Babyloniam
654 1366 760 1412 cepit.
782 1367 901 1401 Immo
929 1369 1088 1415 recepit,
1112 1377 1197 1405 ante
1223 1371 1414 1417 provincia
1436 1384 1500 1406 sua

122 1430 247 1476 pulsus
267 1430 314 1464 ab
340 1428 555 1475 Antigono,
575 1440 684 1475 quam
704 1428 937 1475 recuperavit
962 1436 1047 1475 post
1070 1442 1233 1478 pugnam
1255 1432 1433 1467 Demetrii
1454 1433 1500 1467 ad

121 1492 281 1534 Gazam,
309 1503 341 1525 a.
374 1489 460 1525 312.

176 1553 409 1586 Bactrianos.
429 1551 539 1586 Adde
562 1551 696 1586 Medos
717 1558 751 1585 et
775 1549 979 1585 Susianam.

178 1612 456 1648 Sandrocottus.
485 1613 680 1648 Athenaeus
704 1625 748 1647 ex
777 1612 1030 1658 Megasthenis
1056 1621 1218 1662 Περσικῆς
1246 1614 1401 1660 protulit
1423 1623 1502 1652 22«,-

124 1676 312 1723 δρόκυπτος,
338 1674 439 1721 quod
467 1686 606 1708 nomen
634 1673 789 1720 propius
818 1673 959 1708 accedit
982 1674 1028 1708 ad
1054 1674 1216 1709 indicam
1242 1675 1404 1709 nominis
1424 1676 1503 1710 for—

124 1746 223 1767 mam
255 1734 564 1783 Clzandragupta.
584 1735 682 1770 Vide
704 1736 858 1769 LAssEN.
874 1762 883 1779 ‚
912 1736 959 1769 cle
984 1736 1177 1781 Pentapot.
1200 1736 1344 1778 indica,
1375 1749 1412 1783 p.
1440 1741 1500 1778 [01.

124 1794 316 1830 Notabilia
343 1803 427 1830 ante
457 1808 538 1831 eum
570 1795 684 1830 habet
711 1797 872 1842 Bayerus
899 1796 938 1829 in
964 1797 1130 1830 Historia
1159 1798 1264 1844 regni
1288 1797 1500 1838 Bactriani,

124 1868 159 1902 p.
192 1855 238 1890 32
261 1868 340 1903 sqq.

588 1927 650 1961 IN
681 1927 900 1962 LIBRUM
930 1928 1045 1962 XVI.

176 2035 295 2069 Multa
319 2034 379 2069 hic
399 2046 548 2082 quoque
570 2034 735 2069 Justinus
750 2034 885 2070 omisit.
907 2036 963 2070 De
987 2036 1166 2072 Heraclea
1186 2037 1297 2081 urbe,
1317 2037 1418 2083 cujus
1447 2038 1505 2072 hi-

126 2095 246 2130 storiae
269 2095 390 2142 capita
410 2095 576 2142 quaedam
594 2096 655 2130 hic
677 2095 910 2138 delibantur,
930 2097 1096 2143 legendae
1109 2104 1194 2132 sunt
1206 2098 1370 2145 reliquiae
1384 2099 1504 2132 Mem-

126 2156 234 2190 nonis
267 2163 302 2191 et
328 2157 482 2191 collecta
511 2156 680 2191 omnium
713 2156 790 2191 fere
817 2157 1041 2204 scriptorum
1073 2159 1120 2194 de
1146 2172 1187 2194 ea
1217 2159 1425 2195 testimonia
1456 2159 1503 2193 ab

126 2217 303 2252 Conrado
332 2217 477 2253 Orellio
499 2217 657 2252 editioni
681 2218 789 2263 hujus
815 2218 1005 2265 scriptoris
1030 2220 1208 2266 subjecta.

180 2280 264 2314 CAP.
293 2279 322 2314 Ι.
344 2279 547 2322 Doricetis,
571 2280 669 2327 regis
690 2280 884 2314 Thracum.
906 2280 966 2315 Sic
991 2282 1096 2317 MSS.
1119 2294 1248 2317 omnes
1271 2281 1425 2327 Justini3
1441 2281 1506 2317 sed

127 2351 237 2385 quem
255 2339 315 2374 hic
337 2340 539 2387 excerpsit,
562 2340 762 2387 Pompeius
781 2341 928 2387 Trogus
942 2341 1044 2376 illum
1067 2354 1195 2389 regem
1215 2343 1506 2378 Dromt'clzoetem

126 2400 401 2446 appellaverat,
441 2401 760 2436 consentientibus
796 2401 982 2437 historicis
1019 2403 1171 2450 reliquis
1185 2430 1194 2445 ,
1231 2403 1296 2450 qui
1332 2411 1506 2450 praeterea

126 2463 328 2505 Getarum,
353 2474 433 2497 non
471 2463 657 2497 Thracum
693 2462 805 2498 fuisse
840 2475 966 2510 regem
995 2465 1197 2511 perhibent
1225 2477 1232 2499 :
1267 2477 1396 2499 verum
1423 2465 1505 2499 Ro-

127 2522 228 2556 mani
239 2523 434 2558 Thraciam
448 2523 557 2558 nimis
576 2524 616 2559 in
630 2525 925 2571 septentrionem
940 2526 1120 2573 opinione
1149 2538 1214 2561 sua
1240 2526 1506 2562 extendebant.

180 2584 270 2631 Cap.
294 2585 341 2618 ΙΙ.
365 2585 524 2619 Minimo
543 2592 635 2620 natu
660 2585 827 2631 exfiliis.
848 2587 878 2621 Ι.
895 2600 925 2621 e.
946 2588 1146 2622 Ptolemaeo
1161 2587 1426 2634 Philadelpho,
1444 2588 1508 2634 qui

127 2656 204 2679 non
229 2645 347 2679 solum
370 2645 494 2679 minor
519 2652 606 2680 natu
630 2653 708 2680 erat
734 2647 839 2691 justis
859 2648 1009 2691 liberis,
1034 2648 1098 2683 sed
1131 2660 1175 2683 ex
1204 2648 1336 2694 pellice
1360 2660 1508 2694 quoque

130 2712 356 2750 procreatus,
