1783 3282
375 269 562 304 JUSTINI
593 268 937 303 HISTORIARUM
968 272 1055 305 LIB.
1082 273 1129 305 11.
1397 285 1439 317 17

74 354 172 396 tatis
199 362 504 412 argumentum
531 353 743 411 putabant
766 369 773 394 :
804 354 1016 411 «Quippe
1045 363 1270 409 naturam,
1304 373 1439 415 quum

73 433 261 490 primum
298 432 567 474 incrementa
602 431 755 474 caloris
790 447 840 474 ac
875 431 1048 491 frigoris
1076 433 1324 491 regionibus
1355 435 1442 478 dis-

74 511 228 563 tinxit,
260 512 406 553 statim
434 510 487 553 ad
518 510 714 554 locorum
742 511 997 571 patientiam
1027 509 1229 555 animalia
1262 529 1442 573 quaeque

72 605 324 649 generasse3
350 589 422 632 sed
445 599 488 632 et
510 590 716 633 arborum
740 600 870 649 atque
892 589 1088 650 frugum,
1112 606 1191 649 pro
1214 593 1441 651 regionum

72 668 348 723 conditione,
378 678 478 728 apte
505 685 663 728 genera
694 670 871 712 variata.
905 671 960 712 Et
991 678 1156 727 quanto
1188 670 1358 729 Scythis
1391 673 1445 714 sit

73 746 228 790 coelum
256 749 448 807 asperius
476 764 607 806 quam
630 748 864 807 AEgyptii5‚
895 757 1016 790 tanto
1041 757 1084 790 et
1106 764 1289 807 corpora
1316 759 1358 791 et
1385 750 1445 792 in-

72 826 197 885 genia
220 842 311 869 esse
334 826 522 869 duriora.
549 828 756 869 Ceterum
785 827 819 869 si
845 826 1016 882 mundi,
1041 843 1135 886 quae
1160 843 1276 870 nunc
1303 838 1447 887 partes

72 914 196 958 sunt,
218 902 451 963 aliquando
469 905 612 948 unitas
636 903 745 959 fuit;
770 905 859 948 sive
887 903 1056 949 illuvies
1084 922 1297 965 aquarum
1321 908 1442 966 prin-

72 984 186 1043 cipio
200 1000 345 1027 rerum
364 993 500 1027 terras
516 984 694 1028 obrutas
710 985 875 1027 tenuit:
895 985 982 1027 sive
1003 985 1114 1045 ignis
1131 1018 1142 1041 ‚
1166 986 1240 1044 qui
1257 995 1300 1028 et
1318 1002 1446 1028 mun—

72 1062 175 1106 dum
203 1064 354 1123 genuit
370 1098 381 1120 ,
405 1073 564 1107 cuncta
592 1063 809 1123 possedit,
837 1065 1066 1123 utriusque
1091 1065 1320 1124 primordii
1348 1066 1449 1125 Scy—

71 1142 168 1186 thas
183 1144 349 1204 origine
366 1154 583 1204 praestare.
602 1146 718 1189 Nam
735 1145 769 1187 si
792 1145 902 1204 ignis
919 1145 1059 1203 prima
1074 1145 1286 1204 possessio
1300 1161 1447 1188 rerum

71 1221 172 1276 fuit,
195 1224 267 1282 qui
288 1222 499 1282 paulatim
518 1225 776 1278 exstinctus,
801 1223 946 1266 sedem
970 1225 1096 1267 terris
1117 1224 1259 1280 dedit3
1284 1224 1448 1268 nullam

70 1302 218 1360 prius,
241 1318 371 1360 quam
403 1301 787 1361 septentrionalem
817 1312 1006 1362 partem,
1034 1302 1187 1346 hiemis
1219 1303 1363 1363 rigore
1395 1304 1448 1346 ab

71 1381 169 1440 igne
197 1390 409 1424 secretam
435 1398 443 1423 :
473 1381 581 1425 adeo
607 1391 681 1437 ut,
709 1398 826 1425 nunc
852 1398 1026 1441 quoque
1042 1416 1053 1435 ,
1077 1380 1195 1425 nulla
1227 1383 1364 1443 magis
1392 1384 1449 1425 ri-

72 1468 169 1518 geat
194 1458 443 1520 frigoribus.
474 1461 709 1521 AEgyptum
736 1476 840 1504 vero
865 1471 908 1503 et
934 1470 1076 1504 totum
1105 1461 1332 1505 Orientem
1360 1471 1448 1505 tar-

72 1536 246 1581 dissime
277 1548 568 1599 temperatum
599 1556 607 1582 :
642 1540 804 1599 quippe
839 1541 913 1599 qui
949 1540 1081 1583 etiam
1113 1556 1231 1583 nunc
1262 1542 1448 1584 torrenti

73 1615 214 1661 calore
232 1617 334 1661 solis
358 1628 576 1662 exaestuet.
594 1618 728 1675 Quod
747 1620 781 1662 si
800 1635 950 1662 omnes
966 1618 1188 1678 quondam
1207 1629 1331 1662 terrae
1351 1620 1450 1663 sub-

71 1712 222 1740 mersae
245 1697 463 1757 profundo
487 1697 681 1753 fuerunt,
699 1697 897 1758 profecto
919 1697 1203 1741 editissimam
1228 1714 1448 1758 quamque

71 1785 241 1834 partem
256 1810 267 1832 ‚
292 1777 624 1820 decurrentibus
647 1778 788 1836 aquis,
804 1778 996 1837 primum
1020 1777 1263 1832 detectam3
1285 1777 1447 1821 humil—

72 1853 177 1898 limo
199 1865 345 1899 autem
369 1855 461 1899 solo
483 1855 666 1899 eandem
689 1872 848 1915 aquam
875 1855 1117 1900 diutissime
1145 1857 1447 1900 immoratam:

71 1943 114 1977 et
136 1944 301 1994 quanto
324 1936 445 1995 prior
466 1951 649 1995 quaeque
672 1951 770 1995 pars
794 1945 1011 1979 terrarum
1038 1936 1199 1979 siccata
1221 1936 1276 1979 sit
1290 1970 1301 1992 ⁷
1326 1946 1448 1979 tanto

72 2014 192 2072 prius
223 2013 428 2058 animalia
460 2031 667 2075 generare
700 2016 891 2075 coepisse.
923 2017 1061 2059 Porro
1087 2016 1309 2075 Scythiam
1341 2016 1448 2059 adeo

71 2092 299 2136 editiorem
315 2094 517 2138 omnibus
535 2095 662 2137 terris
679 2110 789 2150 esse,
814 2104 864 2137 ut
885 2104 1044 2137 cuncta
1059 2093 1240 2137 flumina
1253 2094 1311 2137 ibi
1329 2104 1449 2151 nata,

72 2173 116 2215 in
139 2174 354 2229 Maeotim,
377 2183 471 2217 tum
495 2173 652 2217 deinde
676 2175 719 2217 in
741 2175 975 2217 Ponticum
996 2184 1039 2217 et
1053 2175 1306 2235 AEgyptium
1329 2191 1448 2217 mare

72 2251 318 2297 decurrant.
343 2255 580 2314 AEgyptum
602 2263 748 2297 autem
764 2288 775 2308 ‚
798 2269 892 2313 quae
911 2263 977 2296 tot
999 2270 1170 2314 regum,
1195 2263 1260 2297 tot
1284 2252 1449 2297 seculo-

71 2347 170 2374 rum
194 2347 298 2374 cura
320 2332 602 2392 impensaque
616 2334 786 2377 munita
809 2333 884 2389 sit⁷
907 2343 951 2376 et
968 2332 1174 2376 adversus
1198 2334 1285 2375 vim
1306 2334 1447 2376 incur-

73 2412 263 2455 rentium
284 2427 494 2470 aquarum
518 2413 651 2455 tantis
674 2422 842 2456 structa
864 2411 1052 2455 molibus
1068 2446 1079 2467 ‚
1101 2421 1167 2455 tot
1192 2412 1316 2456 fossis
1343 2429 1448 2456 con-

73 2493 187 2547 cisa,
217 2500 292 2546 ut,
322 2506 459 2550 quum
489 2491 557 2535 his
587 2501 840 2548 arceantur,
877 2491 962 2535 illis
999 2493 1270 2552 recipiantur
1298 2508 1447 2551 aquae,

73 2569 356 2613 nihilominus
373 2568 563 2625 coli,nisi
578 2569 754 2615 excluso
764 2569 882 2627 Nilo,
898 2588 985 2615 non
1001 2573 1207 2631 potuerit,
1221 2588 1307 2614 non
1326 2586 1450 2630 posse

74 2649 209 2692 videri
233 2649 462 2692 hominum
490 2659 705 2693 vetustate
739 2649 937 2694 ultimam
955 2685 966 2707 ‚
990 2667 1085 2710 quae
1109 2652 1197 2693 sive
1223 2665 1450 2710 exaggera·

229 2743 254 2768 1.
1229 2748 1251 2771 2
