1783 3282
301 269 372 302 203
759 259 904 293 NOTAE
934 259 984 293 IN
1014 258 1203 293 JUST1N1

773 396 834 430 IN
860 395 1083 430 LIBRUM
1111 394 1189 428 XI.

344 511 427 546 CAP.
453 513 501 546 ΙΙ.
524 513 589 546 Ad
611 514 784 546 tumulum
799 510 928 556 putris
959 509 1078 543 occidi
1097 508 1218 553 jussit.
1245 509 1305 544 Sic
1330 526 1344 541 z<
1366 512 1459 557 Imp.
1491 514 1668 559 Augustus

294 580 478 608 trecentos
500 585 546 608 ex
571 573 720 608 deditiis
740 572 874 606 electos
886 596 896 612 ,
915 569 963 603 ad
981 581 1083 603 aram
1101 571 1145 603 D.
1169 571 1190 604 J
1193 569 1267 604 ulio
1282 568 1294 618 (
1300 572 1418 619 patri)
1434 579 1670 613 exstructam,

294 634 418 669 idibus
429 635 570 668 martiis
591 633 676 681 (qua
693 632 752 666 die
767 637 912 678 patrata
931 630 1046 665 caedes
1057 629 1167 678 ejus),
1188 631 1391 665 hostiarum
1405 644 1509 667 more
1527 640 1668 668 macta—

294 695 357 729 vit.
377 711 390 725 ›>
406 696 590 737 Summa,
610 696 784 739 August„
810 704 877 734 xv,
899 703 931 725 2.
967 690 1180 725 Credebant
1205 691 1304 726 enim
1335 693 1512 738 sanguine
1543 706 1670 728 manes

294 756 444 802 placari,

348 818 602 862 Lyncestoe.--
634 816 798 862 Populus
818 822 871 849 est
884 814 1135 857 Macedoniae,
1155 814 1219 861 qui
1238 821 1446 864 Λυγκησταί,
1459 816 1667 861 Lyncestae,

295 877 428 911 dicitur
451 875 683 923 Thucydidi,
714 889 773 919 11,
809 888 875 918 21,
905 875 974 919 263
998 875 1143 918 Plinio,
1168 887 1229 918 1v,
1258 887 1312 909 lo.
1342 875 1460 922 Regio
1489 875 1567 922 ipsa
1590 887 1672 926 Λυ-Ι.-

295 945 420 981 χῃστξς,
457 938 664 983 Lyncestis,
698 936 922 979 Ptolemaeo,
956 949 1030 979 111,
1071 936 1128 971 13.
1159 935 1337 971 Straboni
1367 949 1473 980 vero,
1503 937 1567 972 lib.
1597 951 1673 978 νυ,

295 998 705 1048 Λυγκισταίρὄσιίςῐιε,
720 997 912 1044 quomodo
924 997 1064 1032 habent
1081 996 1143 1030 hic
1163 1003 1250 1030 vett.
1273 996 1371 1030 libri.
1392 998 1537 1032 Nomen
1551 998 1672 1032 sortiti

295 1066 379 1093 sunt
405 1072 424 1092 a
443 1064 533 1109 λΰγξ,
550 1065 678 1108 λυγχός,
702 1059 812 1105 lynx,
829 1059 889 1093 vel
915 1070 934 1092 a
959 1064 1114 1108 Λυγκεύς,
1138 1057 1326 1104 Lynceus3
1345 1056 1505 1104 ideoque
1536 1059 1673 1093 acutis-

296 1120 388 1153 simo
416 1120 494 1153 visu
513 1118 683 1166 praediti,
707 1119 797 1153 sicut
815 1119 905 1166 lynx
928 1119 987 1153 vel
1013 1119 1198 1166 Lynceus,
1218 1118 1462 1153 habebantur.

349 1181 431 1215 CAP.
462 1181 525 1214 IV.
560 1179 630 1214 Sub
655 1192 790 1214 corona
823 1181 1035 1214 venduntur.
1069 1180 1159 1213 Non
1193 1179 1295 1225 quod
1329 1191 1469 1214 corona
1499 1180 1675 1221 militum,

296 1241 470 1276 custodiae
490 1253 595 1275 causa
616 1240 849 1287 captivorum
869 1240 1055 1276 venalium
1075 1251 1204 1287 greges
1226 1240 1493 1284 circumstaret,
1507 1241 1571 1276 sed
1591 1241 1675 1287 quia

295 1304 374 1350 jure
389 1303 478 1337 belli
493 1309 638 1349 captos,
662 1309 861 1337 coronatos
874 1302 1003 1337 venire
1025 1314 1106 1336 mos
1121 1308 1209 1336 erat.
1243 1301 1334 1336 Vide
1353 1303 1618 1345 AUL.-G.,v11,
1641 1308 1672 1343 !,.

349 1364 431 1398 Cn.
456 1366 499 1398 V.
526 1364 729 1398 Duodecim
753 1375 844 1397 aras
863 1363 1023 1397 deorum.
1050 1362 1108 1397 Ad
1132 1362 1329 1397 duodecim
1355 1362 1445 1397 deos
1472 1376 1563 1409 quos
1581 1363 1675 1397 Con—

297 1433 417 1460 sentes
457 1425 691 1471 appellarunt
729 1424 909 1467 Romani,
949 1423 1067 1458 Graeci
1098 1429 1315 1472 βςυληφάμυς,
1355 1423 1604 1467 consiliarios,
1637 1424 1675 1457 id

299 1493 352 1520 est
389 1486 435 1520 ad
480 1498 537 1519 x11
571 1485 701 1532 genios
736 1485 928 1531 signorum
966 1484 1129 1527 zodiaci,
1166 1484 1226 1518 hic
1260 1485 1362 1518 locus
1402 1484 1544 1520 alludit.
1590 1485 1676 1519 Jovi

299 1546 510 1581 descensori
533 1545 586 1594 (id
609 1553 663 1580 est
681 1545 752 1580 soli
773 1544 1043 1593 descendenti),
1071 1551 1107 1579 et
1129 1544 1307 1579 Minervae
1332 1552 1367 1579 et
1389 1546 1538 1579 Herculi
1562 1553 1675 1580 struc-

299 1615 352 1641 tas
380 1619 459 1642 aras
485 1607 535 1640 ait
561 1606 758 1650 Arrianus,
783 1606 848 1640 lib.
877 1618 903 1640 1.

354 1669 414 1702 Ad
445 1669 598 1702 tumulos
632 1667 790 1702 heroum.
823 1667 1024 1709 Tumulus,
1051 1666 1179 1712 gallice
1205 1666 1391 1710 tombelle,
1419 1668 1570 1714 proprie
1607 1679 1674 1714 ag-

299 1735 399 1775 gesta
422 1729 565 1762 humus.
593 1728 743 1774 Alioqui
769 1734 911 1763 veteres
936 1739 1014 1761 non
1043 1739 1186 1773 semper
1216 1727 1379 1762 habuere
1405 1727 1583 1763 aedificata
1615 1740 1675 1762 se-

299 1790 444 1836 pulcra,
470 1789 534 1824 sed
562 1789 693 1824 scrobe
720 1789 831 1831 facta,
857 1796 892 1823 et
919 1796 1069 1835 aggesta
1105 1788 1263 1834 desuper
1288 1789 1401 1823 humo
1432 1789 1675 1824 tumulabant.

300 1854 501 1897 Aggestum
520 1857 625 1885 terrae
650 1850 774 1884 Latini
799 1851 998 1893 tumulum,
1023 1849 1140 1884 Graeci
1164 1860 1262 1898 χῶμα.
1286 1850 1536 1895 appellabant.
1561 1851 1678 1896 Supra

299 1912 392 1946 illud
409 1912 536 1958 cippus
564 1911 730 1958 lapideus
756 1911 1003 1954 statuebatur,
1027 1910 1090 1956 qui
1113 1922 1250 1943 nomen
1271 1917 1304 1943 et
1330 1911 1491 1957 elogium
1515 1910 1678 1945 defuncti

302 1973 527 2007 continebat.
551 1972 665 2016 Quod
684 1979 719 2006 et
744 1972 1016 2005 monimentum
1034 1983 1096 2005 seu
1121 1977 1402 2004 monumentum
1421 1971 1545 2005 Latini
1567 1970 1676 2005 dixe—

301 2040 395 2067 runt.
435 2032 546 2068 Multi
592 2033 747 2067 heroum
794 2032 924 2066 tumuli
962 2032 1000 2065 in
1040 2031 1175 2077 campis
1214 2031 1334 2065 Iliacis
1362 2031 1481 2066 adhuc
1521 2038 1675 2067 exstant.

303 2094 398 2128 Vide
436 2095 588 2141 Voyage
615 2094 663 2128 de
690 2095 726 2126 la
761 2094 913 2126 Troade.

354 2155 436 2189 Csp.
460 2156 525 2188 VI.
558 2156 602 2188 In
629 2155 772 2200 campis
798 2154 995 2187 Aclrastic's.
1030 2153 1255 2199 Stephanus,
1281 2154 1327 2187 de
1357 2154 1527 2196 Urbibus,
1549 2155 1678 2204 Ᾱᾶρὰσ-

303 2235 387 2259 τειας
413 2218 542 2260 πεδίον,
567 2227 634 2261 per
660 2214 761 2261 quod
786 2213 867 2248 fluit
893 2214 1071 2248 Granicus
1097 2212 1248 2257 fluvius,
1270 2226 1290 2248 a
1315 2226 1390 2261 quo
1412 2215 1483 2249 hoc
1506 2215 1677 2262 proelium

304 2277 436 2312 dicitur
461 2277 515 2310 acl
542 2277 751 2310 Granicum.
781 2275 936 2316 Strabo,
960 2275 1024 2309 lib.
1052 2287 1145 2308 X111.
1169 2275 1230 2309 Ab
1254 2275 1457 2324 Ᾱᾶράσ-ςεια,
1477 2275 1547 2310 dea
1565 2276 1678 2309 ultio-

304 2339 377 2381 nis,
403 2338 562 2372 fatorum
583 2337 766 2379 ministra,
791 2336 851 2370 vel
879 2336 925 2369 ab
952 2338 1130 2385 ἄδραστες,
1151 2335 1213 2381 qui
1240 2348 1317 2370 non
1342 2336 1452 2382 fugit,
1477 2343 1512 2370 et
1536 2336 1678 2382 passive

305 2398 367 2445 qui
394 2399 524 2433 evitari
548 2410 625 2432 non
651 2404 792 2444 potest,
820 2409 910 2430 voce
937 2408 980 2430 ex
1008 2415 1028 2433 α
1054 2396 1148 2442 priv,
1177 2403 1212 2430 et
1239 2399 1346 2445 δρᾴω,
1374 2397 1497 2443 fugio,
1525 2409 1678 2443 compo—

305 2459 388 2503 sita,
415 2466 450 2494 et
475 2472 519 2494 ex
548 2472 619 2505 qua
643 2459 831 2508 Ᾱδραῖστεια
858 2469 1023 2503 quoque,
1051 2456 1202 2490 sortitur
1234 2469 1383 2491 nomen.
1414 2457 1524 2492 Unde
1552 2456 1678 2491 videre

306 2527 359 2554 est
386 2532 525 2554 nomen
549 2532 618 2565 pro
645 2531 768 2565 pugna
795 2525 830 2552 et
858 2525 941 2563 post
968 2528 1133 2564 pugnam
1160 2517 1352 2551 inventum
1381 2530 1468 2552 esse.

358 2581 441 2614 CAP.
469 2581 551 2614 VII.
585 2580 757 2614 Gordium
783 2579 912 2612 urbem.
947 2578 1064 2612 Graeci
1102 2580 1228 2627 Γόρδιον
1262 2578 1421 2621 habent3
1455 2578 1678 2623 Stephanus,

306 2644 484 2691 Festum-‚3
513 2641 670 2675 Gordien
699 2647 840 2674 veteres
871 2651 998 2673 omnes
1026 2638 1123 2672 libri.
1151 2642 1180 2671 A
1207 2641 1324 2687 χςςὸή,
1349 2638 1505 2682 chorda,
1524 2641 1679 2687 χορδεύω,
