1783 3282
268 262 337 297 130
861 249 1048 283 JUSTINI

267 333 458 378 rel-arum
484 333 664 386 sociam,
691 331 735 374 in
755 331 996 374 custodiam
1022 329 1155 372 tradit
1177 345 1185 370 :
1211 338 1340 387 atque
1361 328 1420 369 ita
1440 326 1634 368 universa

269 412 503 456 Cassandri
537 411 691 455 domus
722 410 969 455 Alexandro
1001 410 1188 467 Magn0‚
1220 422 1295 449 seu
1334 406 1450 448 necis
1484 405 1637 464 ipsius,

269 508 345 536 scu
381 491 526 552 stirpis
555 492 774 537 exstinctae
800 505 967 550 poenas⁷
996 487 1155 547 partim
1186 485 1321 541 caede,
1347 484 1508 545 partim
1542 498 1641 541 sup-

271 570 429 630 plicio,
458 571 617 630 partim
643 568 879 630 parricidio
914 565 1009 610 luit.
1041 565 1294 610 Demetrius
1325 579 1498 623 quoque
1525 579 1550 605 a
1579 571 1642 604 tot

273 650 530 693 exercitibus
569 650 907 702 circumventus,
947 662 1082 706 quum
1112 654 1258 705 posset
1293 643 1474 687 honeste
1509 643 1642 695 mori,

273 729 461 788 turpiter
489 744 532 771 se
562 727 717 770 dedere
749 725 929 769 Seleuco
957 724 1124 768 maluit.
1152 724 1300 767 Finito
1325 721 1467 777 bello,
1497 720 1643 765 Ptole—

273 823 405 850 maeus
431 823 529 850 cum
561 821 717 866 magna
753 821 898 848 rerum
932 813 1150 864 gestarum
1177 801 1316 863 gloria
1344 801 1542 845 moritur.
1574 802 1616 842 Is
1633 834 1644 848 ,

274 895 425 929 contra
448 886 519 944 jus
541 886 759 944 gentium⁷
785 884 968 927 minimo
998 892 1104 925 natu
1132 899 1184 925 ex
1207 881 1305 925 filiis
1335 891 1435 924 ante
1462 879 1645 923 infirmi-

274 975 408 1007 tatem
436 980 620 1025 regnum
652 962 913 1018 tradiderat,
943 963 1122 1021 ejusque
1150 961 1213 1003 rei
1240 959 1404 1021 populo
1430 960 1645 1002 rationem

275 1041 523 1086 reddiderat
543 1059 552 1084 z
580 1043 702 1102 cujus
722 1058 809 1084 non
834 1041 975 1083 minor
1000 1040 1121 1083 favor
1145 1040 1190 1082 in
1213 1038 1491 1099 accipiendo,
1516 1053 1646 1097 quam

275 1120 410 1179 patris
448 1121 493 1163 in
517 1120 731 1164 tradendo
759 1137 893 1181 regno
922 1119 1075 1162 fuerat.
1110 1121 1231 1163 Inter
1260 1127 1399 1161 cetera
1435 1118 1571 1177 patris
1606 1127 1649 1160 et

275 1198 351 1242 filii
380 1208 544 1242 mutuae
569 1200 743 1259 pietatis
776 1198 994 1259 exempla,
1018 1199 1150 1242 etiam
1180 1215 1229 1241 ea
1258 1213 1328 1240 res
1355 1212 1548 1240 amorem
1570 1212 1649 1255 po-

277 1277 367 1338 puli
395 1277 546 1338 juveni
576 1277 877 1322 conciliaverat
897 1312 907 1333 ‚
931 1277 1049 1337 quod
1074 1287 1217 1337 pater,
1248 1292 1381 1337 regno
1409 1274 1448 1318 ei
1478 1274 1651 1335 publice

279 1357 459 1413 tradito,
491 1358 687 1418 privatus
709 1357 901 1401 officium
937 1358 1061 1418 regni
1096 1358 1210 1400 inter
1237 1355 1443 1399 satellites
1473 1355 1651 1408 fecerat,

279 1437 485 1496 omnique
504 1453 641 1497 regno
661 1436 886 1497 pulchrius
909 1438 1022 1497 regis
1042 1453 1133 1480 esse
1151 1445 1320 1496 patrem
1340 1434 1534 1477 duxerat.

340 1517 420 1558 III.
451 1516 535 1559 Sed
570 1517 682 1558 inter
713 1515 1040 1575 Lysimachum,
1071 1525 1113 1558 et
1139 1515 1355 1574 Pyrrhum
1384 1529 1555 1573 regem,
1588 1529 1653 1555 so-

281 1596 369 1637 cios
406 1593 537 1654 paulo
573 1603 672 1637 ante
704 1594 909 1637 adversus
945 1595 1240 1647 Demetrium,
1280 1592 1501 1636 assiduum
1541 1592 1653 1633 inter

280 1689 402 1733 pares
431 1672 656 1716 discordiae
677 1671 842 1716 malum
863 1672 1025 1716 bellum
1051 1681 1257 1716 moverat.
1279 1672 1435 1714 Victor
1461 1671 1655 1730 Lysima-

280 1752 407 1806 chus,
450 1751 576 1811 pulso
616 1750 808 1811 Pyrrho,
853 1751 1158 1795 Macedoniam
1205 1758 1510 1810 occupaverat.
1546 1748 1655 1792 Inde

280 1830 495 1884 Thraciae,
525 1846 574 1873 ac
603 1829 804 1889 deinceps
830 1830 1048 1873 Heracleae
1075 1829 1239 1873 bellum
1266 1828 1476 1872 intulerat
1501 1847 1508 1871 :
1531 1828 1654 1887 cujus

281 1908 401 1951 urbis
422 1917 464 1951 et
493 1909 615 1951 initia
644 1918 687 1951 et
706 1909 845 1951 exitus
875 1908 1150 1951 admirabiles
1171 1909 1289 1951 fuere
1310 1925 1318 1951 :
1345 1908 1509 1967 quippe
1532 1910 1654 1950 Boeo-

282 1988 352 2032 tiis
380 1987 626 2048 pestilentia
662 1987 963 2032 laborantibus
995 1988 1217 2031 oraculum
1253 1986 1438 2047 Delphis
1473 2003 1652 2046 respon-

283 2067 430 2122 derat,
458 2086 478 2108 «
498 2066 728 2111 Colom'am
748 2069 792 2111 in
813 2069 943 2112 Ponti
968 2069 1144 2128 regione
1162 2084 1327 2110 sacram
1347 2065 1526 2110 Herculi
1554 2082 1654 2109 con-

283 2145 446 2190 derent.
463 2166 484 2187 ³)
509 2148 661 2205 Quum
685 2157 865 2208 propter
885 2148 1051 2190 metum
1076 2146 1213 2207 longae
1238 2163 1285 2189 ac
1305 2144 1558 2207 periculosae
1584 2163 1656 2189 na-

283 2226 537 2287 vigationis,
572 2237 761 2271 mortem
797 2228 841 2270 in
877 2227 1016 2287 patria
1053 2226 1255 2270 omnibus
1288 2225 1655 2286 praeoptantibus‚

284 2322 351 2350 res
379 2308 538 2350 omissa
560 2317 690 2362 esset,
713 2306 876 2350 bellum
903 2307 970 2349 his
994 2306 1238 2349 Phocenses
1259 2305 1503 2348 intulerunt
1523 2322 1531 2348 :
1550 2320 1656 2365 quo-

286 2401 383 2428 rum
412 2401 547 2445 quum
575 2385 755 2429 adversa
778 2385 930 2446 proelia
953 2394 1225 2445 paterentur,
1252 2385 1408 2428 iterato
1433 2384 1487 2428 ad
1507 2400 1656 2427 oracu-

286 2463 377 2507 lum
405 2464 641 2508 decurrunt
667 2482 675 2507 :
704 2481 979 2524 responsum,
997 2462 1150 2507 «Idem
1176 2463 1278 2506 belli
1304 2463 1421 2524 quod
1449 2462 1654 2523 pestilen-

287 2543 356 2585 tiae
375 2542 617 2586 remedium
638 2544 743 2587 fore.
759 2563 778 2583 n
797 2544 937 2603 Igitur
963 2544 1206 2603 conscripta
1227 2543 1481 2587 colonorum
1502 2560 1652 2596 manu,

288 2623 330 2664 in
346 2623 536 2665 Pontum
556 2622 706 2676 delati,
730 2623 880 2666 urbem
895 2621 1147 2666 Heracleam
1162 2623 1462 2666 condiderunt.
1479 2621 1534 2665 Et
1549 2639 1649 2681 quo-
