1783 3282
498 206 844 240 HISTORIARUM
870 208 958 241 ΠΒ.
982 209 1025 240 v.
1401 207 1445 251 57

79 307 126 334 ac
153 290 402 334 tributarias
417 287 749 331 Atheniensium
774 287 989 343 civitates,
1011 305 1117 347 quas
1141 300 1282 333 metus
1306 289 1448 333 dubiae

80 368 179 412 belli
207 368 390 410 fortunae
421 367 464 408 in
490 366 573 409 fide
604 375 821 421 tenuerat,
856 365 1124 409 voluntarias
1153 369 1338 428 recipit:
1368 385 1447 411 nec

78 446 195 490 aliud
222 446 398 489 ditionis
421 445 752 488 Atheniensium
781 454 939 504 praeter
967 444 1122 487 urbem
1151 445 1287 503 ipsam
1315 445 1447 489 relin-

79 526 186 584 quit.
209 526 317 580 Quae
340 533 499 567 cuncta
522 540 658 583 quum
675 523 857 568 Athenis
878 523 1077 566 nuntiata
1096 532 1258 577 essent,
1282 539 1445 578 omnes,

78 602 236 647 relictis
248 602 469 658 domibus,
486 618 563 662 per
582 603 736 646 urbem
748 602 991 645 discurerre
1002 600 1149 662 pavidi
1165 617 1173 643 :
1191 599 1299 643 alius
1315 600 1444 645 alium

77 682 306 735 sciscitari3
343 690 566 724 auctorem
597 681 741 723 nuntii
772 681 1024 739 requirere:
1054 696 1142 723 non
1177 695 1336 739 pueros
1369 681 1446 722 im-

77 760 335 820 prudentia,
364 776 453 802 non
475 775 597 802 senes
621 757 842 814 debilitas,
866 775 953 802 non
981 757 1184 802 mulieres
1212 774 1336 801 sexus
1364 759 1445 801 im-

74 838 287 882 becillitas
307 838 425 881 domi
448 847 568 881 tenet
589 855 597 880 :
624 837 731 880 adeo
749 837 804 881 ad
825 854 999 881 omnem
1020 846 1191 881 aetatem
1214 838 1323 880 tanti
1344 837 1444 880 mali

76 933 226 961 sensus
253 914 571 976 penetraverat!
606 918 658 959 In
685 915 781 959 foro
817 916 975 960 deinde
1004 926 1165 960 coeunt
1189 934 1197 959 :
1222 926 1351 976 atque
1387 917 1445 959 ita

75 996 244 1056 perpeti
268 1005 395 1038 nocte
419 995 641 1039 fortunam
664 995 884 1056 publicam
907 996 1132 1056 questibus
1156 997 1328 1039 iterant.
1359 994 1443 1039 Alii

74 1074 252 1130 fratres,
286 1084 362 1117 aut
388 1073 525 1130 filios,
553 1085 627 1118 aut
665 1084 866 1134 parentes
902 1075 1080 1131 deflent;
1115 1083 1321 1135 cognatos
1351 1073 1444 1129 alii,

74 1154 146 1198 alii
178 1155 339 1198 amicos
375 1155 570 1214 cognatis
600 1155 818 1209 cariores,
852 1164 894 1197 et
930 1170 1029 1197 cum
1063 1154 1244 1213 privatis
1277 1153 1444 1196 casibus

75 1232 296 1292 querelam
321 1231 542 1292 publicam
567 1234 750 1276 miscent
773 1250 782 1275 ε
808 1252 828 1273 «
845 1235 868 1276 J
872 1249 941 1276 am
964 1248 1007 1275 se
1027 1233 1171 1292 ipsos,
1191 1232 1282 1291 jam
1306 1232 1443 1291 ipsam

74 1312 259 1371 patriam
293 1312 554 1372 perituram,
582 1312 939 1372 miserioremque
972 1310 1284 1366 incolumium,
1313 1326 1442 1370 quam

72 1391 328 1434 amissorum
347 1391 569 1434 fortunam
591 1391 868 1451 judicantes:
893 1391 974 1434 sibi
1001 1391 1183 1450 quisque
1211 1398 1310 1433 ante
1344 1406 1444 1433 ocu-

73 1469 136 1514 los
163 1470 434 1514 obsidionem
450 1504 461 1526 ,
486 1470 667 1527 famem,
695 1480 737 1514 et
757 1471 996 1531 superbum
1018 1471 1318 1529 victoremque
1343 1470 1443 1512 hos-

73 1559 160 1592 tem
195 1559 518 1610 proponentes:
540 1551 630 1609 jam
666 1551 838 1593 ruinam
878 1550 998 1593 urbis
1033 1559 1076 1592 et
1110 1548 1440 1609 incendia,jam

72 1630 270 1672 omnium
294 1629 593 1688 captivitatem
621 1638 664 1671 et
692 1628 982 1671 miserrimam
1009 1628 1262 1671 servitutem
1300 1644 1442 1671 recor-

73 1709 251 1752 dantes:
280 1707 490 1752 feliciores
508 1724 685 1768 prorsus
710 1709 876 1768 priores
902 1708 1022 1751 urbis
1046 1709 1193 1751 ruinas
1220 1708 1440 1761 ducentes,

73 1804 189 1848 quae,
224 1787 518 1831 incolumibus
557 1786 656 1830 filiis
698 1787 1063 1847 parentibusque,
1096 1797 1312 1830 tectorum
1348 1797 1439 1830 tan-

74 1877 166 1910 tum
202 1868 329 1910 ruina
363 1876 517 1909 taxatae
549 1866 647 1909 sint.
686 1867 819 1910 Nunc
862 1876 1008 1909 autem
1040 1882 1129 1909 non
1165 1864 1364 1919 classem,
1399 1867 1440 1908 in

72 1962 224 2006 quam,
253 1946 379 1990 sicuti
403 1945 592 2006 pridem,
624 1944 902 2005 confugiant,
927 1961 1173 2005 superesse,
1202 1961 1291 1988 non
1324 1961 1442 1988 exer-

71 2026 229 2081 citum,
258 2026 381 2085 cujus
409 2025 572 2068 virtute
595 2025 773 2080 servati,
802 2024 1051 2084 pulchriora
1083 2033 1258 2084 possent
1285 2025 1441 2067 moenia

71 2114 305 2148 exstruere.
321 2124 341 2145 n

132 2185 253 2227 VIII.
281 2185 351 2227 Sic
376 2183 539 2227 dessetae
562 2199 610 2226 ac
637 2199 774 2244 prope
798 2183 977 2242 perditae
1007 2183 1104 2226 urbi
1126 2182 1269 2225 hostes
1298 2197 1442 2241 super-

73 2264 273 2316 veniunt,
308 2272 351 2305 et
388 2262 612 2306 obsidione
651 2261 941 2305 circumdatos
971 2262 1082 2304 fame
1120 2270 1290 2322 urgent.
1329 2261 1441 2303 Scie-

72 2343 175 2386 bant
205 2342 342 2396 enim,
369 2358 509 2401 neque
532 2358 582 2384 ex
604 2341 795 2384 advectis
822 2342 958 2401 copiis
981 2339 1169 2384 multum
1196 2356 1441 2400 superesse,

72 2432 137 2477 ct,
166 2438 219 2465 ne
250 2437 371 2464 novae
400 2420 554 2464 advehi
577 2431 773 2480 possent,
802 2420 1097 2481 providerant.
1119 2421 1294 2477 Quibus
1319 2419 1442 2463 malis

72 2501 355 2545 Athenienses
383 2499 526 2554 fracti,
549 2509 646 2558 post
669 2498 844 2560 longam
868 2500 1046 2555 famem,
1076 2510 1118 2543 et
1145 2499 1317 2543 assidua
1345 2515 1439 2541 suo-

72 2596 169 2623 rum
198 2579 370 2633 funera,
395 2593 543 2637 pacem
573 2578 762 2636 petivere
789 2595 796 2620 :
825 2595 918 2637 quae
944 2596 998 2622 an
1027 2579 1118 2622 dari
1144 2578 1343 2630 deberet,
1368 2578 1438 2619 (liu

359 2658 378 2684 ς
