<?xml version="1.0" encoding="UTF-8"?>
<!DOCTYPE html PUBLIC "-//W3C//DTD XHTML 1.0 Transitional//EN"
    "http://www.w3.org/TR/xhtml1/DTD/xhtml1-transitional.dtd">
<html xmlns="http://www.w3.org/1999/xhtml" xml:lang="en" lang="en">
 <head>
  <title>
</title>
<meta http-equiv="Content-Type" content="text/html;charset=utf-8" />
  <meta name='ocr-system' content='tesseract 3.04.00' />
  <meta name='ocr-capabilities' content='ocr_page ocr_carea ocr_par ocr_line ocrx_word'/>
</head>
<body>
  <div class='ocr_page' id='page_1' title='image "./historiarumphili01justuoft_0145.png"; bbox 0 0 1783 3282; ppageno 0'>
   <div class='ocr_carea' id='block_1_1' title="bbox 450 261 1427 315">
    <p class='ocr_par' dir='ltr' id='par_1_1' title="bbox 450 261 1427 315">
     <span class='ocr_line' id='line_1_1' title="bbox 450 261 1427 315; baseline 0.005 -20"><span class='ocrx_word' id='word_1_1' title='bbox 450 261 795 315; x_wconf 77' lang='lat' dir='ltr'>HISTORIARUM</span> <span class='ocrx_word' id='word_1_2' title='bbox 824 263 911 297; x_wconf 89' lang='lat' dir='ltr'><strong>LIB.</strong></span> <span class='ocrx_word' id='word_1_3' title='bbox 939 264 1039 298; x_wconf 85' lang='lat' dir='ltr'>XIII.</span> <span class='ocrx_word' id='word_1_4' title='bbox 1360 278 1427 310; x_wconf 77' lang='lat'>¹27</span> 
     </span>
    </p>
   </div>
   <div class='ocr_carea' id='block_1_2' title="bbox 63 343 1454 2700">
    <p class='ocr_par' dir='ltr' id='par_1_2' title="bbox 63 343 1444 1908">
     <span class='ocr_line' id='line_1_2' title="bbox 63 343 1428 398; baseline 0.003 -12"><span class='ocrx_word' id='word_1_5' title='bbox 63 343 198 386; x_wconf 84' lang='lat' dir='ltr'>filium</span> <span class='ocrx_word' id='word_1_6' title='bbox 226 343 486 397; x_wconf 78' lang='lat' dir='ltr'><strong>Alexandri,</strong></span> <span class='ocrx_word' id='word_1_7' title='bbox 510 353 661 387; x_wconf 91' lang='lat' dir='ltr'>natum</span> <span class='ocrx_word' id='word_1_8' title='bbox 687 361 737 387; x_wconf 89' lang='lat' dir='ltr'>ex</span> <span class='ocrx_word' id='word_1_9' title='bbox 762 345 961 398; x_wconf 78' lang='lat' dir='ltr'>Barsine,</span> <span class='ocrx_word' id='word_1_10' title='bbox 981 347 1156 390; x_wconf 87' lang='lat' dir='ltr'>nomine</span> <span class='ocrx_word' id='word_1_11' title='bbox 1170 347 1428 390; x_wconf 80' lang='lat' dir='ltr'>Herculem:</span> 
     </span>
     <span class='ocr_line' id='line_1_3' title="bbox 63 421 1432 482; baseline 0.004 -18"><span class='ocrx_word' id='word_1_12' title='bbox 63 438 134 465; x_wconf 90' lang='lat' dir='ltr'>seu</span> <span class='ocrx_word' id='word_1_13' title='bbox 165 421 345 465; x_wconf 81' lang='lat' dir='ltr'>mallent</span> <span class='ocrx_word' id='word_1_14' title='bbox 365 422 573 482; x_wconf 90' lang='lat' dir='ltr'>juvenem</span> <span class='ocrx_word' id='word_1_15' title='bbox 590 458 600 475; x_wconf 80' lang='lat'>,</span> <span class='ocrx_word' id='word_1_16' title='bbox 630 439 721 467; x_wconf 89' lang='lat' dir='ltr'>esse</span> <span class='ocrx_word' id='word_1_17' title='bbox 746 423 788 465; x_wconf 93' lang='lat' dir='ltr'>in</span> <span class='ocrx_word' id='word_1_18' title='bbox 817 423 967 465; x_wconf 81' lang='lat' dir='ltr'>castris</span> <span class='ocrx_word' id='word_1_19' title='bbox 992 423 1170 466; x_wconf 84' lang='lat' dir='ltr'>fratrem</span> <span class='ocrx_word' id='word_1_20' title='bbox 1198 424 1432 469; x_wconf 82' lang='lat' dir='ltr'>Alexandri</span> 
     </span>
     <span class='ocr_line' id='line_1_4' title="bbox 64 500 1431 557; baseline 0.003 -14"><span class='ocrx_word' id='word_1_21' title='bbox 64 500 304 556; x_wconf 82' lang='lat' dir='ltr'>Aridaeum‚</span> <span class='ocrx_word' id='word_1_22' title='bbox 329 517 518 555; x_wconf 76' lang='lat' dir='ltr'>comem,</span> <span class='ocrx_word' id='word_1_23' title='bbox 548 511 591 544; x_wconf 89' lang='lat' dir='ltr'>et</span> <span class='ocrx_word' id='word_1_24' title='bbox 622 502 789 545; x_wconf 86' lang='lat' dir='ltr'>cunctis</span> <span class='ocrx_word' id='word_1_25' title='bbox 819 517 906 544; x_wconf 87' lang='lat' dir='ltr'>non</span> <span class='ocrx_word' id='word_1_26' title='bbox 938 517 1016 544; x_wconf 88' lang='lat' dir='ltr'>suo</span> <span class='ocrx_word' id='word_1_27' title='bbox 1050 510 1247 557; x_wconf 82' lang='lat' dir='ltr'>tantum,</span> <span class='ocrx_word' id='word_1_28' title='bbox 1280 520 1431 547; x_wconf 88' lang='lat' dir='ltr'>verum</span> 
     </span>
     <span class='ocr_line' id='line_1_5' title="bbox 63 579 1434 640; baseline 0.003 -18"><span class='ocrx_word' id='word_1_29' title='bbox 63 588 104 623; x_wconf 88' lang='lat' dir='ltr'>et</span> <span class='ocrx_word' id='word_1_30' title='bbox 125 580 261 639; x_wconf 88' lang='lat' dir='ltr'>patris</span> <span class='ocrx_word' id='word_1_31' title='bbox 273 579 467 640; x_wconf 90' lang='lat' dir='ltr'>Philippi</span> <span class='ocrx_word' id='word_1_32' title='bbox 483 581 659 624; x_wconf 91' lang='lat' dir='ltr'>nomine</span> <span class='ocrx_word' id='word_1_33' title='bbox 685 580 1047 640; x_wconf 89' lang='lat' dir='ltr'>acceptissimum.</span> <span class='ocrx_word' id='word_1_34' title='bbox 1068 581 1274 623; x_wconf 88' lang='lat' dir='ltr'>Ceterum</span> <span class='ocrx_word' id='word_1_35' title='bbox 1293 584 1434 626; x_wconf 86' lang='lat' dir='ltr'>Roxa-</span> 
     </span>
     <span class='ocr_line' id='line_1_6' title="bbox 65 659 1436 721; baseline 0.003 -20"><span class='ocrx_word' id='word_1_36' title='bbox 65 675 149 701; x_wconf 89' lang='lat' dir='ltr'>nen</span> <span class='ocrx_word' id='word_1_37' title='bbox 169 675 260 702; x_wconf 86' lang='lat' dir='ltr'>esse</span> <span class='ocrx_word' id='word_1_38' title='bbox 284 661 465 720; x_wconf 86' lang='lat' dir='ltr'>originis</span> <span class='ocrx_word' id='word_1_39' title='bbox 486 661 663 721; x_wconf 83' lang='lat' dir='ltr'>persicae</span> <span class='ocrx_word' id='word_1_40' title='bbox 685 677 696 715; x_wconf 88' lang='lat'>;</span> <span class='ocrx_word' id='word_1_41' title='bbox 719 677 799 703; x_wconf 89' lang='lat' dir='ltr'>nec</span> <span class='ocrx_word' id='word_1_42' title='bbox 823 677 914 704; x_wconf 90' lang='lat' dir='ltr'>esse</span> <span class='ocrx_word' id='word_1_43' title='bbox 939 659 1025 715; x_wconf 83' lang='lat' dir='ltr'>fas,</span> <span class='ocrx_word' id='word_1_44' title='bbox 1046 669 1096 702; x_wconf 90' lang='lat' dir='ltr'>ut</span> <span class='ocrx_word' id='word_1_45' title='bbox 1121 660 1436 705; x_wconf 86' lang='lat' dir='ltr'>Macedonibus</span> 
     </span>
     <span class='ocr_line' id='line_1_7' title="bbox 64 737 1437 798; baseline 0.002 -19"><span class='ocrx_word' id='word_1_46' title='bbox 64 753 115 779; x_wconf 87' lang='lat' dir='ltr'>ex</span> <span class='ocrx_word' id='word_1_47' title='bbox 138 738 350 797; x_wconf 85' lang='lat' dir='ltr'>sanguine</span> <span class='ocrx_word' id='word_1_48' title='bbox 369 754 541 794; x_wconf 78' lang='lat' dir='ltr'>eorum,</span> <span class='ocrx_word' id='word_1_49' title='bbox 558 755 745 798; x_wconf 86' lang='lat' dir='ltr'>quorum</span> <span class='ocrx_word' id='word_1_50' title='bbox 762 754 896 798; x_wconf 84' lang='lat' dir='ltr'>regna</span> <span class='ocrx_word' id='word_1_51' title='bbox 918 737 1176 793; x_wconf 72' lang='lat' dir='ltr'>deleverint,</span> <span class='ocrx_word' id='word_1_52' title='bbox 1202 754 1323 798; x_wconf 86' lang='lat' dir='ltr'>reges</span> <span class='ocrx_word' id='word_1_53' title='bbox 1339 755 1437 782; x_wconf 88' lang='lat' dir='ltr'>con-</span> 
     </span>
     <span class='ocr_line' id='line_1_8' title="bbox 65 816 1434 878; baseline 0.003 -20"><span class='ocrx_word' id='word_1_54' title='bbox 65 816 303 860; x_wconf 86' lang='lat' dir='ltr'>stituantur</span> <span class='ocrx_word' id='word_1_55' title='bbox 319 835 327 860; x_wconf 94' lang='lat'>:</span> <span class='ocrx_word' id='word_1_56' title='bbox 343 817 461 877; x_wconf 90' lang='lat' dir='ltr'>quod</span> <span class='ocrx_word' id='word_1_57' title='bbox 476 834 555 860; x_wconf 90' lang='lat' dir='ltr'>nec</span> <span class='ocrx_word' id='word_1_58' title='bbox 583 818 727 878; x_wconf 85' lang='lat' dir='ltr'>ipsum</span> <span class='ocrx_word' id='word_1_59' title='bbox 750 817 1049 860; x_wconf 85' lang='lat' dir='ltr'>Alexandrum</span> <span class='ocrx_word' id='word_1_60' title='bbox 1072 816 1259 860; x_wconf 89' lang='lat' dir='ltr'>voluisse</span> <span class='ocrx_word' id='word_1_61' title='bbox 1274 837 1293 857; x_wconf 58' lang='lat' dir='ltr'>&gt;w</span> <span class='ocrx_word' id='word_1_62' title='bbox 1317 818 1434 862; x_wconf 81' lang='lat' dir='ltr'>dicit.</span> 
     </span>
     <span class='ocr_line' id='line_1_9' title="bbox 65 896 1438 956; baseline 0 -18"><span class='ocrx_word' id='word_1_63' title='bbox 65 897 298 956; x_wconf 86' lang='lat' dir='ltr'>«Denique</span> <span class='ocrx_word' id='word_1_64' title='bbox 313 897 571 941; x_wconf 87' lang='lat' dir='ltr'>morientem</span> <span class='ocrx_word' id='word_1_65' title='bbox 587 897 750 940; x_wconf 87' lang='lat' dir='ltr'>nullam</span> <span class='ocrx_word' id='word_1_66' title='bbox 767 896 820 941; x_wconf 90' lang='lat' dir='ltr'>de</span> <span class='ocrx_word' id='word_1_67' title='bbox 840 913 891 941; x_wconf 92' lang='lat' dir='ltr'>eo</span> <span class='ocrx_word' id='word_1_68' title='bbox 904 897 1173 941; x_wconf 84' lang='lat' dir='ltr'>mentionem</span> <span class='ocrx_word' id='word_1_69' title='bbox 1191 897 1438 942; x_wconf 86' lang='lat' dir='ltr'>habuisse.»</span> 
     </span>
     <span class='ocr_line' id='line_1_10' title="bbox 66 974 1439 1036; baseline 0.001 -18"><span class='ocrx_word' id='word_1_70' title='bbox 66 974 322 1019; x_wconf 83' lang='lat' dir='ltr'>Ptolemaeus</span> <span class='ocrx_word' id='word_1_71' title='bbox 350 986 522 1019; x_wconf 81' lang='lat' dir='ltr'>recusat</span> <span class='ocrx_word' id='word_1_72' title='bbox 544 993 691 1036; x_wconf 82' lang='lat' dir='ltr'>regem</span> <span class='ocrx_word' id='word_1_73' title='bbox 715 976 956 1031; x_wconf 81' lang='lat' dir='ltr'>Aridaeum,</span> <span class='ocrx_word' id='word_1_74' title='bbox 986 977 1119 1020; x_wconf 86' lang='lat' dir='ltr'>«Non</span> <span class='ocrx_word' id='word_1_75' title='bbox 1147 984 1326 1036; x_wconf 88' lang='lat' dir='ltr'>propter</span> <span class='ocrx_word' id='word_1_76' title='bbox 1352 993 1439 1019; x_wconf 85' lang='lat' dir='ltr'>ma-</span> 
     </span>
     <span class='ocr_line' id='line_1_11' title="bbox 70 1054 1440 1115; baseline 0.002 -20"><span class='ocrx_word' id='word_1_77' title='bbox 70 1062 211 1097; x_wconf 86' lang='lat' dir='ltr'>ternas</span> <span class='ocrx_word' id='word_1_78' title='bbox 238 1054 369 1098; x_wconf 92' lang='lat' dir='ltr'>modo</span> <span class='ocrx_word' id='word_1_79' title='bbox 397 1055 566 1111; x_wconf 83' lang='lat' dir='ltr'>sordes,</span> <span class='ocrx_word' id='word_1_80' title='bbox 594 1056 711 1115; x_wconf 91' lang='lat' dir='ltr'>quod</span> <span class='ocrx_word' id='word_1_81' title='bbox 746 1073 796 1098; x_wconf 82' lang='lat' dir='ltr'>ex</span> <span class='ocrx_word' id='word_1_82' title='bbox 826 1056 1038 1099; x_wconf 80' lang='lat' dir='ltr'>Larissaeo</span> <span class='ocrx_word' id='word_1_83' title='bbox 1072 1064 1216 1098; x_wconf 86' lang='lat' dir='ltr'>scorto</span> <span class='ocrx_word' id='word_1_84' title='bbox 1246 1071 1440 1098; x_wconf 84' lang='lat' dir='ltr'>nascere-</span> 
     </span>
     <span class='ocr_line' id='line_1_12' title="bbox 68 1133 1439 1195; baseline 0.002 -20"><span class='ocrx_word' id='word_1_85' title='bbox 68 1143 158 1187; x_wconf 78' lang='lat' dir='ltr'>tur3</span> <span class='ocrx_word' id='word_1_86' title='bbox 181 1133 254 1176; x_wconf 90' lang='lat' dir='ltr'>sed</span> <span class='ocrx_word' id='word_1_87' title='bbox 282 1135 412 1178; x_wconf 89' lang='lat' dir='ltr'>etiam</span> <span class='ocrx_word' id='word_1_88' title='bbox 438 1144 616 1195; x_wconf 88' lang='lat' dir='ltr'>propter</span> <span class='ocrx_word' id='word_1_89' title='bbox 640 1135 937 1178; x_wconf 85' lang='lat' dir='ltr'>valetudinem</span> <span class='ocrx_word' id='word_1_90' title='bbox 961 1136 1192 1194; x_wconf 87' lang='lat' dir='ltr'>majorem,</span> <span class='ocrx_word' id='word_1_91' title='bbox 1215 1151 1346 1194; x_wconf 91' lang='lat' dir='ltr'>quam</span> <span class='ocrx_word' id='word_1_92' title='bbox 1364 1151 1439 1195; x_wconf 86' lang='lat' dir='ltr'>pa-</span> 
     </span>
     <span class='ocr_line' id='line_1_13' title="bbox 68 1211 1435 1274; baseline 0.002 -20"><span class='ocrx_word' id='word_1_93' title='bbox 68 1211 276 1266; x_wconf 76' lang='lat' dir='ltr'>tiebatur3</span> <span class='ocrx_word' id='word_1_94' title='bbox 304 1230 357 1256; x_wconf 91' lang='lat' dir='ltr'>ne</span> <span class='ocrx_word' id='word_1_95' title='bbox 386 1213 456 1258; x_wconf 91' lang='lat' dir='ltr'>ille</span> <span class='ocrx_word' id='word_1_96' title='bbox 486 1231 646 1257; x_wconf 89' lang='lat' dir='ltr'>nomen</span> <span class='ocrx_word' id='word_1_97' title='bbox 671 1215 811 1274; x_wconf 81' lang='lat' dir='ltr'>regis,</span> <span class='ocrx_word' id='word_1_98' title='bbox 837 1213 946 1256; x_wconf 85' lang='lat' dir='ltr'>alius</span> <span class='ocrx_word' id='word_1_99' title='bbox 977 1214 1209 1273; x_wconf 87' lang='lat' dir='ltr'>imperium</span> <span class='ocrx_word' id='word_1_100' title='bbox 1244 1223 1435 1257; x_wconf 88' lang='lat' dir='ltr'>teneret:</span> 
     </span>
     <span class='ocr_line' id='line_1_14' title="bbox 70 1290 1438 1353; baseline 0.001 -20"><span class='ocrx_word' id='word_1_101' title='bbox 70 1290 222 1335; x_wconf 88' lang='lat' dir='ltr'>melius</span> <span class='ocrx_word' id='word_1_102' title='bbox 246 1309 338 1336; x_wconf 86' lang='lat' dir='ltr'>esse</span> <span class='ocrx_word' id='word_1_103' title='bbox 358 1311 406 1336; x_wconf 89' lang='lat' dir='ltr'>ex</span> <span class='ocrx_word' id='word_1_104' title='bbox 432 1294 499 1337; x_wconf 83' lang='lat' dir='ltr'>his</span> <span class='ocrx_word' id='word_1_105' title='bbox 529 1294 632 1353; x_wconf 83' lang='lat' dir='ltr'>legi,</span> <span class='ocrx_word' id='word_1_106' title='bbox 660 1294 733 1352; x_wconf 90' lang='lat' dir='ltr'>qui</span> <span class='ocrx_word' id='word_1_107' title='bbox 755 1309 835 1352; x_wconf 91' lang='lat' dir='ltr'>pro</span> <span class='ocrx_word' id='word_1_108' title='bbox 854 1293 1016 1335; x_wconf 83' lang='lat' dir='ltr'>virtute</span> <span class='ocrx_word' id='word_1_109' title='bbox 1039 1293 1130 1353; x_wconf 84' lang='lat' dir='ltr'>regi</span> <span class='ocrx_word' id='word_1_110' title='bbox 1151 1309 1228 1336; x_wconf 89' lang='lat' dir='ltr'>suo</span> <span class='ocrx_word' id='word_1_111' title='bbox 1251 1293 1438 1352; x_wconf 75' lang='lat' dir='ltr'>proximi</span> 
     </span>
     <span class='ocr_line' id='line_1_15' title="bbox 70 1370 1439 1432; baseline 0.001 -20"><span class='ocrx_word' id='word_1_112' title='bbox 70 1370 252 1425; x_wconf 76' lang='lat' dir='ltr'>fuerint,</span> <span class='ocrx_word' id='word_1_113' title='bbox 276 1373 350 1431; x_wconf 90' lang='lat' dir='ltr'>qui</span> <span class='ocrx_word' id='word_1_114' title='bbox 364 1373 612 1432; x_wconf 86' lang='lat' dir='ltr'>provincias</span> <span class='ocrx_word' id='word_1_115' title='bbox 634 1382 813 1432; x_wconf 80' lang='lat' dir='ltr'>regant,</span> <span class='ocrx_word' id='word_1_116' title='bbox 837 1371 995 1431; x_wconf 91' lang='lat' dir='ltr'>quibus</span> <span class='ocrx_word' id='word_1_117' title='bbox 1020 1370 1132 1413; x_wconf 83' lang='lat' dir='ltr'>bella</span> <span class='ocrx_word' id='word_1_118' title='bbox 1160 1370 1439 1423; x_wconf 76' lang='lat' dir='ltr'>mandentur,</span> 
     </span>
     <span class='ocr_line' id='line_1_16' title="bbox 70 1451 1440 1512; baseline 0.001 -20"><span class='ocrx_word' id='word_1_119' title='bbox 70 1466 200 1508; x_wconf 87' lang='lat' dir='ltr'>quam</span> <span class='ocrx_word' id='word_1_120' title='bbox 220 1452 298 1494; x_wconf 89' lang='lat' dir='ltr'>sub</span> <span class='ocrx_word' id='word_1_121' title='bbox 327 1468 513 1511; x_wconf 86' lang='lat' dir='ltr'>persona</span> <span class='ocrx_word' id='word_1_122' title='bbox 543 1452 656 1512; x_wconf 83' lang='lat' dir='ltr'>regis</span> <span class='ocrx_word' id='word_1_123' title='bbox 682 1451 965 1512; x_wconf 81' lang='lat' dir='ltr'>indignorum</span> <span class='ocrx_word' id='word_1_124' title='bbox 988 1452 1276 1510; x_wconf 82' lang='lat' dir='ltr'>subjiciantur</span> <span class='ocrx_word' id='word_1_125' title='bbox 1304 1451 1440 1510; x_wconf 90' lang='lat' dir='ltr'>impe-</span> 
     </span>
     <span class='ocr_line' id='line_1_17' title="bbox 72 1530 1439 1586; baseline 0 -15"><span class='ocrx_word' id='word_1_126' title='bbox 72 1531 182 1572; x_wconf 80' lang='lat' dir='ltr'>rio.»</span> <span class='ocrx_word' id='word_1_127' title='bbox 206 1531 324 1573; x_wconf 84' lang='lat' dir='ltr'>Vicit</span> <span class='ocrx_word' id='word_1_128' title='bbox 351 1530 566 1574; x_wconf 74' lang='lat' dir='ltr'>Perdiccae</span> <span class='ocrx_word' id='word_1_129' title='bbox 602 1531 833 1586; x_wconf 84' lang='lat' dir='ltr'>sententia,</span> <span class='ocrx_word' id='word_1_130' title='bbox 867 1546 1077 1573; x_wconf 85' lang='lat' dir='ltr'>consensu</span> <span class='ocrx_word' id='word_1_131' title='bbox 1119 1530 1439 1572; x_wconf 87' lang='lat' dir='ltr'>universorum.</span> 
     </span>
     <span class='ocr_line' id='line_1_18' title="bbox 70 1608 1443 1671; baseline -0.001 -19"><span class='ocrx_word' id='word_1_132' title='bbox 70 1608 240 1653; x_wconf 85' lang='lat' dir='ltr'>Placuit</span> <span class='ocrx_word' id='word_1_133' title='bbox 274 1611 420 1671; x_wconf 90' lang='lat' dir='ltr'>itaque</span> <span class='ocrx_word' id='word_1_134' title='bbox 452 1614 652 1654; x_wconf 84' lang='lat' dir='ltr'>Roxanes</span> <span class='ocrx_word' id='word_1_135' title='bbox 686 1610 927 1669; x_wconf 84' lang='lat' dir='ltr'>exspectari</span> <span class='ocrx_word' id='word_1_136' title='bbox 958 1617 1152 1668; x_wconf 81' lang='lat' dir='ltr'>partum,</span> <span class='ocrx_word' id='word_1_137' title='bbox 1188 1618 1229 1651; x_wconf 90' lang='lat' dir='ltr'>et</span> <span class='ocrx_word' id='word_1_138' title='bbox 1263 1610 1297 1651; x_wconf 91' lang='lat' dir='ltr'>si</span> <span class='ocrx_word' id='word_1_139' title='bbox 1333 1624 1443 1667; x_wconf 88' lang='lat' dir='ltr'>puer</span> 
     </span>
     <span class='ocr_line' id='line_1_19' title="bbox 73 1687 1442 1745; baseline 0 -15"><span class='ocrx_word' id='word_1_140' title='bbox 73 1698 197 1732; x_wconf 87' lang='lat' dir='ltr'>natus</span> <span class='ocrx_word' id='word_1_141' title='bbox 228 1688 396 1745; x_wconf 79' lang='lat' dir='ltr'>fuisset7</span> <span class='ocrx_word' id='word_1_142' title='bbox 427 1700 591 1733; x_wconf 88' lang='lat' dir='ltr'>tutores</span> <span class='ocrx_word' id='word_1_143' title='bbox 621 1692 889 1744; x_wconf 79' lang='lat' dir='ltr'>Leonatum‚</span> <span class='ocrx_word' id='word_1_144' title='bbox 913 1687 1182 1741; x_wconf 84' lang='lat' dir='ltr'>Perdiccam,</span> <span class='ocrx_word' id='word_1_145' title='bbox 1210 1690 1442 1731; x_wconf 85' lang='lat' dir='ltr'>Craterum</span> 
     </span>
     <span class='ocr_line' id='line_1_20' title="bbox 73 1768 1444 1829; baseline 0 -19"><span class='ocrx_word' id='word_1_146' title='bbox 73 1778 114 1811; x_wconf 79' lang='lat' dir='ltr'>et</span> <span class='ocrx_word' id='word_1_147' title='bbox 128 1769 409 1829; x_wconf 87' lang='lat' dir='ltr'>Antipatrum</span> <span class='ocrx_word' id='word_1_148' title='bbox 434 1770 724 1822; x_wconf 80' lang='lat' dir='ltr'>constituunt3</span> <span class='ocrx_word' id='word_1_149' title='bbox 749 1768 1065 1826; x_wconf 85' lang='lat' dir='ltr'>confestimque</span> <span class='ocrx_word' id='word_1_150' title='bbox 1085 1769 1128 1809; x_wconf 89' lang='lat' dir='ltr'>in</span> <span class='ocrx_word' id='word_1_151' title='bbox 1150 1776 1346 1810; x_wconf 83' lang='lat' dir='ltr'>tutorum</span> <span class='ocrx_word' id='word_1_152' title='bbox 1369 1768 1444 1810; x_wconf 93' lang='lat' dir='ltr'>ob-</span> 
     </span>
     <span class='ocr_line' id='line_1_21' title="bbox 73 1849 401 1908; baseline 0.003 -18"><span class='ocrx_word' id='word_1_153' title='bbox 73 1849 220 1907; x_wconf 81' lang='lat' dir='ltr'>sequia</span> <span class='ocrx_word' id='word_1_154' title='bbox 239 1850 401 1908; x_wconf 86' lang='lat' dir='ltr'>jurant.</span> 
     </span>
    </p>

    <p class='ocr_par' dir='ltr' id='par_1_3' title="bbox 73 1925 1454 2700">
     <span class='ocr_line' id='line_1_22' title="bbox 136 1925 1447 1987; baseline -0.002 -17"><span class='ocrx_word' id='word_1_155' title='bbox 136 1929 212 1971; x_wconf 94' lang='grc' dir='ltr'><strong>ΙΙΙ.</strong></span> <span class='ocrx_word' id='word_1_156' title='bbox 239 1929 390 1984; x_wconf 87' lang='lat' dir='ltr'>Quum</span> <span class='ocrx_word' id='word_1_157' title='bbox 418 1929 583 1987; x_wconf 88' lang='lat' dir='ltr'>equites</span> <span class='ocrx_word' id='word_1_158' title='bbox 610 1944 784 1987; x_wconf 86' lang='lat' dir='ltr'>quoque</span> <span class='ocrx_word' id='word_1_159' title='bbox 808 1927 922 1970; x_wconf 87' lang='lat' dir='ltr'>idem</span> <span class='ocrx_word' id='word_1_160' title='bbox 947 1926 1167 1980; x_wconf 88' lang='lat' dir='ltr'>fecissent,</span> <span class='ocrx_word' id='word_1_161' title='bbox 1189 1925 1354 1985; x_wconf 89' lang='lat' dir='ltr'>pedites</span> <span class='ocrx_word' id='word_1_162' title='bbox 1380 1926 1447 1968; x_wconf 89' lang='lat' dir='ltr'>in-</span> 
     </span>
     <span class='ocr_line' id='line_1_23' title="bbox 74 2004 1446 2067; baseline -0.001 -18"><span class='ocrx_word' id='word_1_163' title='bbox 74 2006 258 2067; x_wconf 80' lang='lat' dir='ltr'>dignati,</span> <span class='ocrx_word' id='word_1_164' title='bbox 274 2006 413 2050; x_wconf 89' lang='lat' dir='ltr'>nullas</span> <span class='ocrx_word' id='word_1_165' title='bbox 434 2007 515 2050; x_wconf 91' lang='lat' dir='ltr'>sibi</span> <span class='ocrx_word' id='word_1_166' title='bbox 530 2006 814 2050; x_wconf 87' lang='lat' dir='ltr'>consiliorum</span> <span class='ocrx_word' id='word_1_167' title='bbox 830 2018 974 2065; x_wconf 81' lang='lat' dir='ltr'>partes</span> <span class='ocrx_word' id='word_1_168' title='bbox 998 2005 1190 2061; x_wconf 84' lang='lat' dir='ltr'>relictas,</span> <span class='ocrx_word' id='word_1_169' title='bbox 1210 2004 1446 2060; x_wconf 68' lang='lat' dir='ltr'>Arfflaeum,</span> 
     </span>
     <span class='ocr_line' id='line_1_24' title="bbox 73 2082 1448 2146; baseline -0.001 -18"><span class='ocrx_word' id='word_1_170' title='bbox 73 2085 308 2129; x_wconf 86' lang='lat' dir='ltr'>Alexandri</span> <span class='ocrx_word' id='word_1_171' title='bbox 344 2086 548 2140; x_wconf 81' lang='lat' dir='ltr'>fratrem,</span> <span class='ocrx_word' id='word_1_172' title='bbox 585 2102 731 2146; x_wconf 82' lang='lat' dir='ltr'>regem</span> <span class='ocrx_word' id='word_1_173' title='bbox 770 2084 1017 2145; x_wconf 87' lang='lat' dir='ltr'>appellant,</span> <span class='ocrx_word' id='word_1_174' title='bbox 1059 2083 1350 2143; x_wconf 88' lang='lat' dir='ltr'>satellitesque</span> <span class='ocrx_word' id='word_1_175' title='bbox 1387 2082 1448 2127; x_wconf 91' lang='lat' dir='ltr'>illi</span> 
     </span>
     <span class='ocr_line' id='line_1_25' title="bbox 75 2163 1451 2225; baseline -0.001 -17"><span class='ocrx_word' id='word_1_176' title='bbox 75 2183 125 2208; x_wconf 80' lang='lat' dir='ltr'>ex</span> <span class='ocrx_word' id='word_1_177' title='bbox 153 2166 268 2208; x_wconf 84' lang='lat' dir='ltr'>tribu</span> <span class='ocrx_word' id='word_1_178' title='bbox 294 2182 369 2208; x_wconf 88' lang='lat' dir='ltr'>sua</span> <span class='ocrx_word' id='word_1_179' title='bbox 387 2165 558 2225; x_wconf 83' lang='lat' dir='ltr'>legunt,</span> <span class='ocrx_word' id='word_1_180' title='bbox 587 2175 629 2208; x_wconf 87' lang='lat' dir='ltr'>et</span> <span class='ocrx_word' id='word_1_181' title='bbox 648 2165 823 2207; x_wconf 89' lang='lat' dir='ltr'>nomine</span> <span class='ocrx_word' id='word_1_182' title='bbox 844 2163 1038 2224; x_wconf 84' lang='lat' dir='ltr'>Philippi</span> <span class='ocrx_word' id='word_1_183' title='bbox 1056 2164 1191 2223; x_wconf 88' lang='lat' dir='ltr'>patris</span> <span class='ocrx_word' id='word_1_184' title='bbox 1216 2164 1363 2206; x_wconf 84' lang='lat' dir='ltr'>vocari</span> <span class='ocrx_word' id='word_1_185' title='bbox 1383 2163 1451 2223; x_wconf 87' lang='lat' dir='ltr'>ju-</span> 
     </span>
     <span class='ocr_line' id='line_1_26' title="bbox 76 2242 1449 2304; baseline -0.001 -18"><span class='ocrx_word' id='word_1_186' title='bbox 76 2246 189 2287; x_wconf 83' lang='lat' dir='ltr'>bent.</span> <span class='ocrx_word' id='word_1_187' title='bbox 218 2246 330 2301; x_wconf 86' lang='lat' dir='ltr'>Quae</span> <span class='ocrx_word' id='word_1_188' title='bbox 354 2261 489 2304; x_wconf 91' lang='lat' dir='ltr'>quum</span> <span class='ocrx_word' id='word_1_189' title='bbox 518 2245 716 2287; x_wconf 77' lang='lat' dir='ltr'>nuntiata</span> <span class='ocrx_word' id='word_1_190' title='bbox 749 2243 968 2303; x_wconf 85' lang='lat' dir='ltr'>equitibus</span> <span class='ocrx_word' id='word_1_191' title='bbox 1003 2252 1168 2297; x_wconf 78' lang='lat' dir='ltr'>essent,</span> <span class='ocrx_word' id='word_1_192' title='bbox 1197 2242 1361 2302; x_wconf 82' lang='lat' dir='ltr'>legatos</span> <span class='ocrx_word' id='word_1_193' title='bbox 1395 2243 1449 2285; x_wconf 89' lang='lat' dir='ltr'>ad</span> 
     </span>
     <span class='ocr_line' id='line_1_27' title="bbox 76 2321 1449 2385; baseline -0.003 -17"><span class='ocrx_word' id='word_1_194' title='bbox 76 2324 339 2385; x_wconf 85' lang='lat' dir='ltr'>mitigandos</span> <span class='ocrx_word' id='word_1_195' title='bbox 359 2341 509 2368; x_wconf 88' lang='lat' dir='ltr'>eorum</span> <span class='ocrx_word' id='word_1_196' title='bbox 534 2324 724 2377; x_wconf 82' lang='lat' dir='ltr'>animos,</span> <span class='ocrx_word' id='word_1_197' title='bbox 749 2322 858 2366; x_wconf 83' lang='lat' dir='ltr'>duos</span> <span class='ocrx_word' id='word_1_198' title='bbox 887 2339 939 2365; x_wconf 85' lang='lat' dir='ltr'>ex</span> <span class='ocrx_word' id='word_1_199' title='bbox 959 2322 1235 2382; x_wconf 80' lang='lat' dir='ltr'>proceribus,</span> <span class='ocrx_word' id='word_1_200' title='bbox 1254 2321 1449 2365; x_wconf 82' lang='lat' dir='ltr'>Attalum</span> 
     </span>
     <span class='ocr_line' id='line_1_28' title="bbox 79 2400 1453 2463; baseline -0.002 -17"><span class='ocrx_word' id='word_1_201' title='bbox 79 2414 122 2447; x_wconf 88' lang='lat' dir='ltr'>et</span> <span class='ocrx_word' id='word_1_202' title='bbox 157 2403 430 2463; x_wconf 83' lang='lat' dir='ltr'>Meleagrum</span> <span class='ocrx_word' id='word_1_203' title='bbox 460 2404 665 2457; x_wconf 81' lang='lat' dir='ltr'>mittunt,</span> <span class='ocrx_word' id='word_1_204' title='bbox 695 2403 768 2462; x_wconf 88' lang='lat' dir='ltr'>qui</span> <span class='ocrx_word' id='word_1_205' title='bbox 805 2402 1046 2462; x_wconf 81' lang='lat' dir='ltr'>potentiam</span> <span class='ocrx_word' id='word_1_206' title='bbox 1076 2418 1127 2444; x_wconf 86' lang='lat' dir='ltr'>ex</span> <span class='ocrx_word' id='word_1_207' title='bbox 1156 2400 1276 2461; x_wconf 87' lang='lat' dir='ltr'>vulgi</span> <span class='ocrx_word' id='word_1_208' title='bbox 1311 2400 1453 2444; x_wconf 84' lang='lat' dir='ltr'>adula-</span> 
     </span>
     <span class='ocr_line' id='line_1_29' title="bbox 80 2480 1449 2542; baseline -0.004 -15"><span class='ocrx_word' id='word_1_209' title='bbox 80 2484 196 2527; x_wconf 80' lang='lat' dir='ltr'>tione</span> <span class='ocrx_word' id='word_1_210' title='bbox 209 2492 450 2542; x_wconf 84' lang='lat' dir='ltr'>quaerentes</span> <span class='ocrx_word' id='word_1_211' title='bbox 464 2518 474 2537; x_wconf 82' lang='lat'><strong>‚</strong></span> <span class='ocrx_word' id='word_1_212' title='bbox 489 2482 648 2526; x_wconf 86' lang='lat' dir='ltr'>omissa</span> <span class='ocrx_word' id='word_1_213' title='bbox 668 2481 906 2542; x_wconf 81' lang='lat' dir='ltr'>legatione,</span> <span class='ocrx_word' id='word_1_214' title='bbox 920 2480 1131 2524; x_wconf 85' lang='lat' dir='ltr'>militibus</span> <span class='ocrx_word' id='word_1_215' title='bbox 1152 2480 1449 2524; x_wconf 87' lang='lat' dir='ltr'>consentiunt.</span> 
     </span>
     <span class='ocr_line' id='line_1_30' title="bbox 81 2559 1454 2620; baseline -0.002 -15"><span class='ocrx_word' id='word_1_216' title='bbox 81 2563 236 2605; x_wconf 87' lang='lat' dir='ltr'>Statim</span> <span class='ocrx_word' id='word_1_217' title='bbox 263 2571 304 2604; x_wconf 87' lang='lat' dir='ltr'>et</span> <span class='ocrx_word' id='word_1_218' title='bbox 339 2561 494 2605; x_wconf 90' lang='lat' dir='ltr'>seditio</span> <span class='ocrx_word' id='word_1_219' title='bbox 522 2562 677 2616; x_wconf 78' lang='lat' dir='ltr'>crevit,</span> <span class='ocrx_word' id='word_1_220' title='bbox 704 2561 777 2603; x_wconf 84' lang='lat' dir='ltr'>ubi</span> <span class='ocrx_word' id='word_1_221' title='bbox 803 2570 936 2620; x_wconf 87' lang='lat' dir='ltr'>caput</span> <span class='ocrx_word' id='word_1_222' title='bbox 967 2569 1006 2603; x_wconf 83' lang='lat' dir='ltr'>et</span> <span class='ocrx_word' id='word_1_223' title='bbox 1037 2559 1268 2603; x_wconf 81' lang='lat' dir='ltr'>consilium</span> <span class='ocrx_word' id='word_1_224' title='bbox 1296 2559 1454 2602; x_wconf 84' lang='lat' dir='ltr'>habere</span> 
     </span>
     <span class='ocr_line' id='line_1_31' title="bbox 81 2638 1452 2700; baseline -0.004 -16"><span class='ocrx_word' id='word_1_225' title='bbox 81 2641 221 2700; x_wconf 85' lang='lat' dir='ltr'>coepit.</span> <span class='ocrx_word' id='word_1_226' title='bbox 257 2643 382 2684; x_wconf 84' lang='lat' dir='ltr'>Tunc</span> <span class='ocrx_word' id='word_1_227' title='bbox 418 2640 472 2683; x_wconf 84' lang='lat' dir='ltr'>ad</span> <span class='ocrx_word' id='word_1_228' title='bbox 502 2638 735 2682; x_wconf 88' lang='lat' dir='ltr'>delendum</span> <span class='ocrx_word' id='word_1_229' title='bbox 769 2640 1008 2698; x_wconf 81' lang='lat' dir='ltr'>equitatum</span> <span class='ocrx_word' id='word_1_230' title='bbox 1046 2638 1191 2681; x_wconf 86' lang='lat' dir='ltr'>cuncti</span> <span class='ocrx_word' id='word_1_231' title='bbox 1227 2638 1381 2680; x_wconf 80' lang='lat' dir='ltr'>armati</span> <span class='ocrx_word' id='word_1_232' title='bbox 1410 2638 1452 2680; x_wconf 88' lang='lat' dir='ltr'>in</span> 
     </span>
    </p>
   </div>
  </div>
 </body>
</html>
