1783 3282
283 234 352 276 ¹94
750 224 897 258 NOTAE
927 223 978 257 IN
1009 222 1201 256 JUSTINI

279 314 343 347 Cu.
365 309 547 356 Pompeio
572 306 717 343 civitate
737 319 892 341 romana
912 306 1071 339 donatus
1096 304 1175 337 fuit.
1206 304 1315 338 Unde
1342 310 1372 338 el
1397 304 1568 348 Pompeii
1587 315 1658 337 no-

279 386 362 408 men
392 371 574 418 accepisse
599 370 759 404 videtur.

333 434 397 467 Ad
417 441 459 467 te.
479 431 636 466 Addunt
650 430 734 465 edd.
756 432 865 465 Rom.
886 435 921 462 ct
941 426 1021 461 Ald.
1035 453 1043 467 ‚
1063 427 1276 472 Imperator
1293 427 1495 467 Antonine,
1517 437 1597 470 quae
1610 431 1664 459 est

279 496 358 530 sine
384 493 504 529 dubio
528 494 649 539 glossa
681 504 826 533 eorum,
860 488 922 536 qui
949 495 1117 521 nostrum
1147 486 1366 521 historicum
1397 499 1480 520 cum
1515 482 1664 520 „tustino

280 556 508 603 philosopho
523 562 557 589 et
568 561 728 601 martyre
741 550 1033 587 confundebant.
1054 549 1161 582 Hanc
1174 554 1392 598 προσφώνησιν
1407 547 1505 582 enim
1517 549 1548 582 J.
1565 548 1664 581 Bon-

281 618 439 664 garsius,
460 615 596 650 Justini
622 614 837 660 sospitator,
870 612 909 645 in
943 610 1105 656 antiquis
1135 609 1325 643 codicibus
1352 609 1514 643 inveniri
1535 615 1664 655 negat3

282 686 315 713 ct
333 690 462 713 revera
478 678 668 711 obtrusam
688 680 841 720 apparet
863 673 910 707 ab
928 672 972 706 iis
987 672 1050 718 qui
1064 673 1084 706 J
1088 671 1249 706 ustinum
1265 670 1552 717 epitomatorem
1565 682 1665 704 eum—

281 741 363 774 dem
383 745 557 786 putarunt
578 749 662 771 cum
679 736 745 769 illo
759 736 779 769 J
784 734 925 777 ustino,
941 733 1006 780 qui
1026 733 1165 767 librum
1177 732 1454 779 apologeticum
1468 743 1538 778 pro
1552 731 1666 765 chris-

280 802 379 837 tiana
399 799 579 846 religione
594 796 827 844 Imperatori
836 795 1022 829 Antonino
1035 793 1183 829 obtulit.
1199 795 1246 827 At
1264 793 1304 827 hi
1325 805 1404 827 non
1423 792 1494 827 nisi
1514 792 1667 827 nomine

281 861 507 897 conveniunt
525 873 532 892 :
548 859 640 892 alter
659 857 888 892 Christianus
912 863 948 891 et
966 857 1130 899 Graecus,
1150 854 1308 889 Gentilis
1328 854 1421 888 alter
1446 861 1479 888 et
1500 853 1665 888 Latinus.

793 1047 843 1081 IN
877 1047 1101 1081 LIBRUM
1130 1047 1158 1080 Ι.

333 1161 415 1195 Cn.
442 1159 471 1192 I.
494 1158 640 1203 Libyoe.
663 1155 783 1191 Graeci
806 1167 884 1190 non
904 1156 1017 1190 semel
1037 1155 1087 1190 ita
1106 1154 1269 1190 Africam
1292 1156 1538 1202 appellarunt.
1561 1156 1668 1192 Dicta

280 1221 350 1256 fuit
370 1221 505 1267 Libya,
536 1222 658 1263 Λιέὐη,
688 1230 762 1252 non
792 1229 811 1252 a
841 1217 950 1264 nigro
976 1217 1102 1251 colore
1125 1216 1308 1264 Libyum,
1331 1224 1373 1251 ut
1396 1217 1447 1252 ait
1471 1219 1668 1265 Bongars.‚

280 1287 366 1325 λιῧύς
387 1282 486 1317 enim
506 1281 656 1327 nigrum
673 1292 865 1326 nunquam
882 1291 998 1325 graece
1017 1279 1231 1322 denotavit,
1245 1279 1309 1313 sed
1329 1291 1350 1314 a
1373 1283 1450 1318 λίὲω
1471 1292 1535 1315 seu
1555 1284 1667 1326 λείῧω,

282 1345 381 1388 libo,
401 1343 541 1386 fundo,
561 1341 679 1385 stillo,
701 1344 801 1386 λίὲος,
824 1340 938 1385 stilla,
957 1344 1096 1390 λιῖ-ηρός,
1118 1341 1289 1387 guttatim
1315 1339 1452 1385 fluens,
1472 1341 1667 1385 humidus;

282 1418 347 1440 seu
370 1405 504 1439 rectius
524 1416 544 1439 a
567 1409 639 1452 λίψ,
661 1406 762 1447 magog,
782 1403 1012 1445 Euronotus‚
1033 1401 1130 1435 unde
1151 1408 1185 1436 et
1203 1405 1301 1447 λίέω,
1321 1402 1423 1448 quod
1444 1415 1518 1436 vox
1538 1406 1669 1440 Λιὲόνο-

282 1485 347 1511 τος,
383 1466 613 1507 Libonotus,
634 1470 766 1498 ventus
798 1462 972 1497 humidus
993 1462 1055 1508 qui
1074 1464 1188 1509 spirat
1211 1463 1308 1497 inter
1334 1462 1500 1497 Africum
1532 1470 1568 1498 et
1585 1464 1668 1498 No-

282 1534 378 1570 tum,
398 1527 457 1561 vel
475 1529 671 1567 Austrum,
691 1525 923 1558 corroborat.
945 1524 1067 1558 Africa
1087 1530 1224 1567 autem,
1244 1536 1360 1569 graece
1379 1524 1515 1574 Ᾰφρική,
1528 1537 1668 1559 nomen

283 1588 435 1622 sortitur
465 1599 543 1621 non
574 1587 621 1621 ab
652 1593 759 1636 ἀφρός,
788 1598 936 1632 spuma,
961 1597 1028 1619 nec
1059 1585 1106 1619 ab
1130 1604 1150 1622 α,
1174 1585 1267 1631 priv.
1288 1592 1323 1619 et
1342 1592 1450 1635 φρίκη,
1472 1585 1608 1632 frigus,
1633 1592 1671 1620 ut

282 1656 452 1696 putatur,
477 1648 543 1682 sed
566 1648 613 1681 ab
640 1667 660 1685 :z
680 1659 800 1693 augm.
823 1654 858 1681 et
877 1653 997 1696 epu-55¹0>
1010 1678 1018 1691 ‚
1037 1653 1182 1690 torreo,
1197 1645 1414 1688 torrefaci0‚
1434 1647 1549 1690 sicco,
1563 1658 1671 1690 areo,

283 1710 375 1745 sicut
397 1716 432 1744 et
455 1708 760 1756 Ph72)='gc'a.Unde
782 1720 930 1754 quoque
951 1707 1074 1741 latinae
1093 1719 1204 1741 voces
1223 1706 1348 1752 frico,
1374 1705 1484 1750 Aser,
1511 1707 1669 1754 Africa,

287 1770 458 1816 Africus,
488 1771 659 1818 apricus,
689 1770 861 1816 apricor,
888 1769 1081 1815 apricatio.
1121 1775 1217 1819 ψρίχη
1251 1781 1329 1802 non
1358 1775 1410 1802 est
1446 1768 1583 1816 frigus,
1606 1769 1672 1804 sed

283 1833 419 1867 horror
438 1832 579 1866 febrilis
592 1859 601 1876 ,
625 1831 754 1878 gallice
777 1829 961 1875 lestisson
981 1831 1027 1864 tle
1047 1832 1086 1864 la
1097 1829 1226 1876 fievre.

342 1894 430 1928 Cum
459 1894 663 1927 Zoroastre.
687 1894 920 1934 Zoroastres,
940 1898 1174 1926 astronomus
1202 1898 1236 1925 et
1257 1891 1344 1925 artis
1363 1891 1514 1937 magicae
1533 1891 1670 1925 inven-

284 1962 360 1998 tor,
384 1954 663 1988 Bactrianorum
690 1965 755 1987 rex
781 1965 858 1986 non
885 1959 980 1994 erat,
1000 1952 1065 1985 sed
1085 1952 1192 1994 deus,
1214 1952 1315 1997 quod
1335 1959 1369 1985 et
1389 1952 1508 1998 arguit
1531 1964 1668 1985 nomen

284 2016 382 2061 ejus,
405 2027 424 2049 a
456 2026 574 2061 graeco
612 2020 718 2063 ζωρός,
745 2025 877 2059 purus,
906 2025 1044 2056 merus,
1076 2011 1223 2055 efficax,
1249 2019 1284 2046 et
1319 2018 1419 2061 ἀστήρ
1451 2013 1511 2046 vel
1540 2019 1671 2063 ἄστρῳ,

285 2084 437 2120 astrum,
460 2076 576 2119 sidus,
606 2076 725 2118 stella,
758 2074 1017 2120 compositum.
1047 2073 1237 2116 Diodoro,
1270 2086 1320 2114 11,
1350 2073 1390 2116 6,
1421 2074 1517 2108 male
1537 2074 1673 2108 dicitur

286 2136 463 2187 ὀξυάρτῃς,
484 2150 553 2184 pro
575 2134 778 2186 ὠξωίστρῃς,
798 2148 912 2181 graece
935 2136 1045 2169 velox
1065 2142 1214 2169 astrum.
1234 2136 1450 2169 Zoroastres
1470 2135 1581 2181 igitur
1594 2162 1603 2179 ‚
1628 2148 1671 2170 ex

285 2198 592 2245 interpretatione
612 2197 792 2239 nominis,
813 2203 852 2230 ut
872 2196 999 2230 asserit
1025 2196 1258 2239 Aristoteles,
1280 2196 1319 2229 in
1339 2196 1437 2230 libro
1465 2208 1574 2242 quem
1598 2196 1673 2230 ins-

287 2260 413 2306 cripsit
432 2260 643 2306 Magabam,
669 2266 854 2293 astrorum
879 2257 946 2291 fuit
965 2258 1102 2301 cultor,
1123 2264 1261 2291 astrum
1282 2257 1420 2303 ipsum,
1440 2258 1499 2291 vel
1519 2258 1591 2301 sol,
1611 2258 1671 2292 lu-

286 2322 374 2356 cifer
399 2327 460 2354 aut
482 2332 633 2367 vesper,
656 2319 891 2367 proindeque
912 2319 1010 2352 deus.

339 2384 423 2417 Cn.
452 2382 520 2415 III.
550 2381 856 2428 Sardanapalus,
878 2381 938 2414 vir
953 2381 1107 2414 muliere
1126 2380 1337 2427 corruptior.
1359 2380 1472 2424 Quod
1499 2387 1535 2415 et
1553 2380 1673 2428 arguit

288 2455 435 2490 qUOqUG
463 2455 602 2477 nomen
630 2444 901 2492 Σαρδανάπαλύς,
924 2441 983 2475 vel
1007 2441 1129 2487 potius
1148 2443 1442 2490 Σαρδανάπαλλος,
1463 2454 1507 2476 ex
1531 2441 1672 2476 duabus

290 2502 442 2538 Vocibus
462 2506 624 2553 Σχρδάνος
651 2503 795 2545 dorice,
820 2514 890 2548 prO
911 2504 1087 2551 Σπρδῆνος,
1111 2503 1170 2536 vel
1192 2505 1382 2552 Σαρδιανός,
1406 2503 1615 2546 sardianus‚
1639 2510 1673 2537 et

287 2574 386 2614 φαλῆς
398 2576 460 2599 seu
474 2570 586 2613 φαλής,
600 2564 772 2609 Priapus,
787 2563 919 2597 Bacchi
934 2570 969 2597 et
982 2563 1137 2597 Veneris
1152 2562 1247 2597 filius
1260 2591 1268 2607 ‚
1284 2571 1345 2598 aut
1363 2564 1671 2614 φα),λός,ρῆαἰίιιε,

289 2626 327 2659 id
352 2633 405 2660 est
425 2625 531 2673 penis
555 2625 715 2671 ligneus,
743 2637 805 2659 seu
841 2624 1049 2668 coriaceus3
1081 2626 1138 2658 vol
1170 2625 1305 2659 rectius
1336 2639 1355 2659 a
1391 2628 1559 2675 Σαρδάνα,
1587 2626 1670 2661 Sar-
