1783 3282
488 243 831 278 HISTORIARUM
857 246 944 279 LlB.
972 248 1033 280 XI.
1396 266 1417 298 9
1425 251 1443 286 5

83 329 138 371 sis
167 329 310 387 itaque
345 326 516 386 legatis,
549 325 714 369 bellum
741 326 1033 386 deprecantur
1067 347 1073 371 :
1100 333 1256 388 quibus
1286 334 1442 378 auditis

82 417 123 449 et
152 407 339 466 graviter
370 407 626 465 increpatis,
662 405 905 450 Alexander
933 406 1095 450 bellum
1128 412 1305 454 remisit.
1336 414 1442 457 Inde

79 485 248 528 Thebas
274 485 512 527 exercitum
537 486 774 540 convertit,
799 485 945 528 eadem
973 486 1242 546 indulgentia
1266 507 1441 545 usurus,

79 564 111 605 si
142 579 291 622 parem
327 563 624 622 poenitentiam
661 564 905 607 invenisset.
943 564 1025 607 Sed
1056 564 1250 608 Thebani
1283 572 1440 625 armis,

80 658 165 694 ¹non
193 642 393 701 precibus
419 644 529 702 (nec
559 642 892 702 deprecatione)
926 644 990 686 usi
1021 653 1132 687 sunt.
1163 646 1315 705 Itaque
1341 649 1440 691 victi

78 720 328 778 gravissima
352 736 532 779 quaeque
565 719 776 779 supplicia
804 722 1056 764 miserrimae
1085 724 1347 781 captivitatis
1378 742 1443 768 ex-

78 799 187 857 perti
215 808 329 840 sunt.
356 801 407 841 In
435 797 616 841 consilio
639 814 775 857 quum
811 798 863 840 de
892 799 1060 842 excidio
1085 801 1205 843 urbis
1233 801 1442 847 delibera-

78 887 214 929 retur,
240 877 503 931 Phocenses,
531 886 574 919 et
598 876 855 920 Plataeenses
871 911 882 932 ,
905 888 947 920 et
968 879 1271 938 Thespienses,
1299 891 1342 924 et
1366 884 1443 926 Or-

74 956 319 1010 chomenii,
338 955 573 999 Alexandri
601 958 727 1010 socii,
751 957 1028 1016 victoriaeque
1055 960 1307 1019 participes,
1335 964 1441 1005 exci-

75 1034 143 1077 dia
169 1035 342 1077 urbium
367 1051 565 1089 suarum,
589 1034 980 1094 crudelitatemque
1003 1037 1309 1081 Thebanorum
1332 1040 1440 1084 refe-

75 1113 246 1166 rebantz,
263 1113 404 1156 studia
421 1115 464 1156 in
485 1116 635 1156 Persas
650 1130 737 1156 non
761 1115 986 1173 praesentia
1009 1124 1197 1171 tantum,
1224 1134 1373 1161 verum
1397 1130 1440 1162 et

74 1202 237 1247 vetera,
257 1193 462 1235 adversus
478 1193 657 1236 Graeciae
671 1191 915 1235 libertatem
932 1193 1227 1252 increpantes:
1246 1214 1265 1234 «
1279 1197 1441 1252 Quam-

71 1272 221 1314 obrem
246 1271 393 1314 odium
416 1287 488 1313 eos
513 1272 708 1313 omnium
735 1269 997 1330 populorum
1015 1288 1103 1314 esse
1123 1289 1131 1314 :
1157 1273 1273 1331 quod
1298 1274 1364 1317 vel
1388 1292 1438 1318 ex

69 1367 121 1394 eo
137 1350 423 1404 manifestari,
439 1349 557 1409 quod
572 1349 860 1408 jurejurando
875 1366 917 1392 se
937 1366 1086 1394 omnes
1106 1351 1437 1409 obstrinxerint,

71 1440 118 1473 ut
145 1431 270 1473 victis
295 1430 437 1473 Persis
465 1429 637 1472 Thebas
670 1429 943 1472 diruerent.»
974 1430 1203 1490 Adjiciunt
1234 1442 1276 1475 et
1311 1433 1439 1477 scele-

70 1526 167 1552 rum
191 1511 388 1569 priorum
415 1508 609 1563 fabulas,
637 1509 793 1567 quibus
817 1526 967 1552 omnes
991 1526 1138 1553 scenas
1161 1511 1436 1570 repleverint,

70 1598 118 1631 ut
144 1605 231 1631 non
260 1589 462 1648 praesenti
485 1597 654 1631 tantum
691 1587 891 1646 perfidia,
918 1604 1066 1631 verum
1093 1599 1135 1631 et
1162 1598 1304 1633 vetere
1329 1592 1436 1634 infa—

69 1669 155 1710 mia
177 1668 304 1711 invisi
329 1666 483 1711 forent.

130 1748 205 1790 IV.
239 1749 362 1789 Tunc
391 1746 600 1802 Cleadas,
636 1763 748 1789 unus
777 1763 828 1789 ex
860 1748 1064 1806 captivis,
1100 1747 1198 1790 data
1225 1757 1436 1807 potestate

65 1825 263 1881 dicendi,
291 1844 309 1865 ι(
325 1827 426 1868 Non
459 1842 484 1868 a
513 1842 614 1885 rege
652 1842 695 1869 se
725 1825 955 1881 defecisse,
995 1842 1123 1885 quem
1159 1826 1433 1871 interfectum

64 1904 306 1961 audierint,
332 1904 405 1947 sed
433 1921 454 1948 a
481 1906 595 1965 regis
624 1905 881 1948 heredibus:
905 1905 1114 1964 quicquid
1144 1906 1186 1947 in
1211 1921 1261 1947 eo
1285 1907 1339 1948 sit
1359 1907 1434 1949 ad-

64 1986 264 2042 missum,
292 1984 582 2040 credulitatis,
618 2001 705 2027 non
744 1984 935 2044 perfidiae
970 1983 1143 2044 culpam
1171 2000 1282 2037 esse,
1310 1986 1433 2044 cujus

64 2065 310 2124 tamenjam
328 2081 484 2124 magna
504 2081 546 2107 se
570 2062 782 2123 supplicia
799 2063 1097 2123 perpendisse,
1121 2062 1260 2106 deleta
1278 2064 1433 2123 juven-

64 2153 156 2186 tute
183 2160 192 2186 ε
218 2160 336 2186 nunc
361 2160 513 2186 senum
546 2143 916 2201 feminarumque,
949 2142 1077 2185 sicuti
1104 2142 1345 2197 infirmum,
1376 2144 1431 2185 ita

63 2223 289 2266 innoxium
317 2232 479 2266 restare
502 2221 677 2282 vulgus,
702 2221 818 2281 quod
848 2222 990 2281 ipsum
1021 2222 1181 2280 stupris
1206 2231 1432 2264 contume-

62 2301 216 2361 liisque
241 2303 300 2345 ita
324 2312 524 2345 vexatum
555 2319 666 2356 esse,
698 2311 745 2344 ut
778 2301 885 2344 nihil
909 2301 1099 2344 amarius
1125 2316 1318 2360 unquam
1346 2302 1433 2344 sint

63 2383 188 2442 passi.
218 2382 311 2426 Nec
336 2391 424 2424 tam
450 2399 529 2441 pro
554 2382 719 2424 civibus
746 2398 789 2424 se
805 2416 815 2435 ,
847 2382 921 2440 qui
951 2389 1037 2423 tam
1065 2382 1192 2440 pauci
1215 2396 1432 2423 remanse-

63 2463 169 2517 rint,
186 2477 333 2515 orare3
351 2461 421 2503 sed
447 2477 525 2520 pro
542 2462 719 2504 innoxio
736 2462 885 2519 patriae
900 2459 1010 2515 solo,
1029 2469 1072 2503 et
1089 2476 1168 2519 pro
1191 2459 1315 2515 urbe,
1337 2476 1431 2518 quae

63 2558 148 2584 non
184 2542 300 2584 viros
339 2550 529 2585 tantum.
562 2556 712 2582 verum
743 2549 785 2582 et
822 2539 926 2582 deos
975 2540 1221 2599 genuerit.»
1256 2539 1429 2581 Privata

61 2622 191 2664 etiam
216 2637 359 2681 regem
384 2620 691 2679 superstitione
722 2618 980 2678 deprecatur
1011 2620 1139 2678 geniti
1168 2618 1283 2677 apud
1318 2620 1428 2676 ipsos
