1783 3282
411 236 767 271 HISTORIARUM
777 247 781 251 ·
793 237 884 271 LIB.
914 239 1055 273 XVIII.
1348 242 1388 276 16
1402 256 1415 277 1

44 328 144 361 sunt
166 335 174 360 :
201 334 308 378 quas
338 316 400 361 illi
426 319 606 362 honoris
637 334 767 362 causa
800 330 993 378 receptas
1010 355 1020 375 ‚
1042 332 1214 380 postera
1239 324 1306 367 die
1329 334 1415 367 sta-

43 397 128 439 tuis
157 397 270 457 regis
307 397 620 456 imposuerunt.
662 398 803 458 Igitur
835 397 993 441 Cineas
1023 415 1159 457 quum
1197 403 1414 446 turbatam

41 491 141 518 cum
179 477 392 519 Romanis
417 493 567 536 pacem
598 476 652 520 ab
678 477 823 537 Appio
862 475 1046 521 Claudio
1091 481 1412 538 renuntiasset,

40 555 333 614 interrogatus
356 572 381 598 a
408 555 577 616 Pyrrho
606 554 780 616 «qualis
804 558 945 600 Roma
981 564 1112 611 esset,
1129 574 1150 595 »
1188 560 1413 616 respondit

37 651 57 672 (c
74 648 226 692 regum
255 634 407 677 urbem
438 635 516 677 sibi
545 636 694 678 visam.
712 655 732 675 >v
760 637 865 678 Post
889 634 979 678 haec
1007 633 1136 694 legati
1165 634 1412 681 Siculorum

36 713 373 771 superveniunt,
394 713 613 757 tradentes
637 713 806 773 Pyrrho
824 714 960 756 totius
986 711 1137 756 insulae
1156 713 1410 773 imperium,

33 807 128 849 quae
153 791 335 835 assiduis
360 792 792 852 Carthaginiensium
818 790 943 834 bellis
968 792 1217 836 vexabatur.
1255 795 1410 854 Itaque

32 869 183 913 relicto
208 871 360 913 Locris
391 869 642 914 Alexandro
670 869 778 926 filio,
806 870 1074 930 firmatisque
1104 872 1321 916 sociorum
1346 875 1408 917 ci-

30 949 237 992 vitatibus
263 948 406 992 valido
430 949 656 1010 praesidio,
679 950 723 992 in
744 948 934 993 Siciliam
957 951 1194 994 exereitum
1221 952 1402 1012 trajecit.

93 1030 171 1072 III.
200 1030 256 1072 Et
272 1029 480 1088 quoniam
501 1028 555 1072 ad
573 1029 1001 1089 Carthaginiensium
1020 1030 1285 1074 mentionem
1304 1048 1407 1075 ven-

27 1118 120 1151 tum
145 1118 233 1165 est,
261 1108 314 1152 de
344 1109 512 1170 origine
540 1125 692 1153 eorum
719 1126 858 1170 pauca
885 1109 1067 1153 dicenda
1093 1120 1215 1167 sunt,
1244 1113 1401 1172 repeti-

25 1189 80 1231 tis
111 1189 342 1249 Tyriorum
376 1188 508 1249 paulo
541 1188 669 1232 altius
702 1189 854 1245 rebus⁷
888 1205 1076 1248 quorum
1119 1205 1242 1233 casus
1274 1192 1400 1234 etiam

25 1266 199 1311 dolendi
232 1267 422 1311 fuerunt.
451 1268 684 1328 Tyriorum
720 1284 824 1328 gens
857 1267 1032 1311 condita
1064 1284 1089 1311 a
1119 1268 1399 1312 Phoenicibus

22 1346 135 1390 fuit:
162 1348 238 1406 qui
263 1356 388 1390 terrae
413 1357 536 1390 motu
574 1347 740 1403 vexati,
773 1346 924 1390 relicto
952 1348 1101 1407 patriae
1133 1347 1246 1404 solo,
1274 1350 1402 1408 Assy-

21 1426 135 1469 rium
170 1435 374 1486 stagnum
399 1427 565 1486 primo,
591 1443 692 1470 mox
715 1427 824 1470 mari
857 1427 1105 1487 proximum
1132 1425 1256 1483 litus,
1287 1427 1401 1472 inco-

20 1505 219 1561 luerunt,
256 1505 431 1549 condita
472 1505 531 1548 ibi
568 1506 697 1560 urbe,
734 1522 864 1565 quam
894 1522 919 1549 a
955 1506 1140 1566 piscium
1174 1506 1399 1564 ubertate,

18 1584 180 1628 Sidona
203 1583 559 1645 appellaverunt3
591 1601 690 1628 nam
716 1585 876 1645 piscem
908 1585 1132 1628 Phoenices
1163 1584 1302 1629 Sidon
1322 1601 1397 1628 vo—

17 1674 131 1707 cant.
166 1666 270 1708 Post
304 1663 464 1707 multos
501 1664 656 1707 deinde
694 1681 831 1707 annos
867 1681 891 1707 a
924 1680 1025 1724 rege
1062 1662 1396 1707 Ascaloniorum

16 1745 278 1804 expugnati,
307 1744 489 1787 navibus
517 1743 716 1804 appulsi,
743 1746 890 1803 Tyron
918 1743 1071 1787 urbem
1098 1753 1199 1786 ante
1231 1759 1395 1786 annum

14 1824 212 1883 Trojanae
232 1821 365 1866 cladis
391 1822 694 1866 condiderunt.
725 1823 792 1866 lbi
817 1825 1048 1866 Persarum
1075 1820 1196 1865 bellis
1218 1822 1293 1865 diu
1318 1838 1393 1865 va-

13 1903 161 1961 rieque
195 1901 383 1962 fatigati,
411 1903 596 1945 victores
622 1902 798 1961 quidem
826 1901 970 1956 fuere3
999 1901 1073 1944 sed
1099 1902 1258 1944 attritis
1291 1902 1391 1944 viri·

12 1983 117 2039 bus,
148 1999 173 2025 a
210 1983 342 2026 servis
376 1983 464 2025 suis
499 1980 781 2025 multitudine
821 1981 1175 2037 abundantibus,
1213 1980 1394 2042 indigna

11 2061 223 2122 supplicia
242 2062 433 2122 perpessi
451 2071 554 2104 sunt
572 2078 580 2103 :
604 2061 704 2120 qui,
721 2060 1044 2120 conspiratione
1062 2059 1196 2115 facta,
1219 2075 1391 2102 omnem

10 2141 192 2185 liberum
227 2140 441 2201 populum
474 2157 574 2183 cum
599 2140 785 2183 dominis
814 2140 1108 2194 interficiunt3
1146 2149 1277 2199 atque
1305 2140 1390 2196 ita,

10 2222 135 2282 potiti
166 2220 299 2275 urbe,
337 2219 446 2263 lares
485 2219 765 2262 dominorum
798 2229 1042 2279 occupant,
1074 2217 1387 2280 rempublicam

8 2300 247 2355 invadunt,
273 2301 480 2360 conjuges
515 2298 707 2352 ducunt,
734 2308 800 2353 et,
834 2298 953 2357 quod
993 2299 1074 2358 ipsi
1114 2314 1203 2341 non
1238 2306 1386 2353 erant,

7 2379 164 2423 liberos
196 2388 440 2439 procreant.

70 2461 198 2502 Unus
239 2475 290 2501 ex
324 2468 390 2500 tot
418 2457 609 2500 millibus
643 2474 868 2501 servorum
903 2458 1008 2512 fuit,
1040 2461 1116 2517 qui
1140 2460 1234 2501 miti
1262 2460 1384 2519 inge-

5 2540 99 2595 nio,
137 2538 249 2581 senis
286 2537 451 2580 domini
484 2536 743 2597 parvulique
780 2536 855 2579 filii
900 2538 991 2598 ejus
1030 2537 1207 2581 fortuna
1243 2554 1387 2581 move-

4 2628 146 2673 retur,
174 2616 461 2676 dominosque
493 2632 581 2660 non
616 2616 729 2661 truci
762 2616 953 2673 feritate,
987 2616 1061 2660 sed
1102 2618 1182 2677 piae
1220 2617 1386 2660 miseria

194 2713 223 2740 1.
1140 2711 1183 2739 11
