1783 3282
230 250 300 297 190‘
679 247 827 281 NOTAE
855 247 906 280 IN
935 247 1124 281 JUSTINI

277 331 427 377 Magus.
442 328 531 364 Non
544 328 606 363 ille
621 341 731 375 quem
745 327 757 377 (
771 328 1023 378 Prexaspem)
1045 329 1305 364 nominaverat
1317 355 1326 372 ,
1340 328 1390 363 ait
1400 328 1444 361 V.
1461 328 1514 362 Cl.
1530 328 1602 362 Le-

224 391 360 434 maire,
385 397 427 424 ut
454 396 584 424 auctor
612 390 767 425 innuere
792 390 962 432 videtur,
985 389 1050 423 sed
1084 389 1248 424 Smerdis
1274 389 1425 435 quidam
1454 399 1603 435 magus,

225 450 372 487 Smerdi
394 450 590 485 interfecto
609 451 832 493 simillimus,
856 450 1000 495 adjutus
1019 462 1040 483 a
1058 449 1170 484 fratre
1189 450 1373 484 Pathizite
1385 461 1513 496 mago,
1527 450 1604 484 He—

225 512 325 555 rod„
350 524 419 555 111,
440 511 501 546 61.
528 513 668 546 Nostro
687 518 808 546 autem
828 511 919 544 alios
944 517 1112 545 auctores
1143 517 1318 556 sequuto,
1340 510 1438 545 idern
1468 518 1521 545 est
1543 511 1604 545 ille

227 573 458 620 Preoeaspes,
475 572 577 619 cujus
595 573 747 607 fratrem
768 571 938 605 nominat
963 572 1188 618 Oropasten‚
1205 583 1275 617 pro
1299 583 1372 618 quo
1387 570 1471 606 edd.
1486 572 1603 618 Bong.

226 641 262 669 et
283 634 377 669 Coll.
398 633 625 668 substituunt
644 632 833 667 Smerdim.

284 695 405 730 Otani.
426 695 499 730 Alii
512 696 640 741 legunt
665 694 818 736 Ostam‘,
847 693 1009 736 Othoni,
1039 692 1198 727 Onlzam·
1212 693 1271 727 vel
1291 693 1402 727 etiam
1418 692 1604 727 Sosthani.

225 757 306 803 Ego
330 763 452 791 autem
475 756 570 791 illud
601 754 955 798 animadvertendo,
981 754 1083 801 quod
1121 754 1251 788 Omnis
1274 753 1438 788 nominis
1469 754 1517 789 ab
1545 754 1607 798 οῧς,

226 824 319 864 ὠτός,
345 817 519 861 derivati,
553 829 678 851 sensus
707 815 808 851 idem
836 827 877 850 ac
905 821 1024 865 ὼταρός
1054 815 1113 849 vel
1143 820 1277 860 ὼτώεις,
1302 813 1342 848 id
1367 822 1421 849 est
1448 814 1606 858 auritus,

227 879 474 921 auriculosus,
493 885 606 921 esset;
631 877 733 925 quod
756 877 954 923 Cambyses
980 875 1174 922 Orospasti
1194 888 1298 910 aures
1317 882 1491 922 utrasque
1515 888 1607 922 prae—

225 940 391 982 cidisset,
413 940 628 985 Otanesque
652 940 822 974 fraudem
841 941 918 984 ejus
937 937 1275 973 Pseudo-smerdis
1289 936 1487 972 detexisset
1501 964 1510 980 ,
1528 937 1607 971 fac—

225 1008 356 1048 tusque
373 1000 499 1035 fm'sset
517 1010 584 1045 per
597 997 711 1033 filiam
732 998 868 1033 certior
885 997 963 1032 sine
983 997 1133 1031 auribus
1147 997 1375 1043 Orospasten
1393 1009 1487 1042 esse,
1508 997 1605 1032 odo—

224 1069 323 1096 ratus
342 1073 422 1096 sum
441 1059 652 1106 Orospastis
677 1071 817 1094 nomen
837 1065 959 1093 ortum
983 1070 1061 1092 esse
1087 1058 1134 1092 ab
1161 1058 1290 1093 eadem
1317 1070 1426 1102 voce,
1447 1066 1481 1093 et
1497 1066 1608 1104 σπάω,

225 1122 351 1165 traho,
375 1121 550 1164 extraho,
570 1121 669 1155 vello
683 1147 693 1164 ,
717 1119 818 1167 quod
840 1126 893 1154 est
912 1119 1043 1166 gallice
1056 1146 1065 1162 ,
1085 1121 1137 1153 les
1155 1120 1300 1153 oreilles
1317 1122 1492 1167 compdes,
1517 1132 1609 1166 pro-

224 1183 388 1230 indeque
407 1194 478 1231 pro
503 1183 744 1229 Orospastes,
771 1182 985 1228 Otospastes
999 1180 1215 1227 legendum,
1236 1187 1272 1215 et
1292 1193 1368 1215 esse
1383 1181 1553 1215 eumdem
1568 1194 1608 1215 ac

228 1245 415 1291 Zopyrum
428 1270 440 1286 ,
477 1243 540 1290 qui
575 1255 680 1278 aures
715 1250 887 1290 utrasque
919 1243 998 1289 ipse
1033 1242 1105 1276 sibi
1134 1242 1362 1289 praeciderat.
1389 1242 1476 1277 Haec
1511 1242 1609 1277 enim

226 1306 352 1341 omnia
370 1305 535 1340 fabulam
548 1304 732 1340 redolent.
753 1305 883 1340 Otanis
902 1303 979 1338 filia
998 1304 1197 1350 Plzedyma
1215 1304 1492 1351 appellabatur,
1507 1317 1527 1338 a
1540 1310 1610 1353 φαί-

228 1370 338 1418 διμος,
353 1366 516 1410 lucidus,
541 1365 787 1411 illuminatus,
806 1365 975 1409 illustris,
1005 1365 1097 1399 sicut
1121 1378 1141 1399 a
1161 1366 1243 1407 lux,
1272 1367 1371 1399 luna.

283 1428 461 1473 Gobryas.
481 1429 555 1462 Pro
578 1428 760 1476 Copryas‚
786 1439 807 1462 a
826 1434 966 1477 κάπρως,
981 1434 1205 1469 stercoreUS,
1225 1432 1470 1470 stercorosus,
1494 1426 1609 1460 homo

226 1490 392 1533 infamis,
430 1490 534 1534 vilis,
579 1489 644 1536 qui
676 1496 838 1524 stercora
876 1488 1039 1535 colligit,
1076 1487 1170 1522 sicut
1205 1489 1225 1522 J
1229 1487 1279 1522 ob
1309 1500 1418 1534 super
1449 1494 1608 1522 stercore

226 1551 379 1594 sedens;
426 1551 526 1585 uude
572 1557 608 1585 et
647 1551 807 1586 Gabrias
842 1551 901 1585 vel
944 1550 1106 1584 Babrias
1116 1575 1128 1591 ‚
1164 1560 1363 1595 graecarum
1401 1549 1610 1583 fabularum

227 1618 366 1647 auctor.

279 1673 362 1708 CAP.
388 1674 434 1708 X.
459 1674 575 1708 Darii
594 1686 716 1721 equus.
741 1673 851 1708 Unde
878 1679 1007 1719 postea
1036 1673 1192 1707 Darium
1221 1674 1260 1707 in
1290 1672 1413 1719 sigillo
1439 1671 1610 1706 habuisse

226 1735 408 1781 sculptum
426 1747 561 1781 equum
574 1763 583 1780 ,
600 1747 668 1782 per
686 1747 795 1782 quem
814 1734 1002 1769 hinnitum
1027 1734 1197 1769 edentem
1218 1747 1285 1769 rex
1304 1734 1418 1769 factus
1432 1733 1569 1777 fuerat,
1591 1746 1608 1767 a

227 1796 430 1831 Scholiaste
449 1796 677 1844 Thucydidis
703 1803 756 1830 est
775 1802 955 1830 notatum.
984 1796 1094 1830 Unde
1121 1803 1157 1830 et
1182 1795 1306 1830 fabula
1338 1795 1423 1841 equi
1447 1795 1611 1842 ungulae,

226 1857 294 1892 lib.
316 1870 399 1901 x11,
419 1870 498 1905 cap.
525 1863 580 1900 14.
612 1857 706 1891 Vide
727 1857 781 1891 ibi
800 1864 946 1898 notam,
966 1864 1002 1891 et
1031 1857 1193 1903 Spaws,
1218 1857 1282 1891 lib.
1306 1869 1340 1900 1,
1365 1869 1443 1903 cap.
1467 1860 1500 1898 4.

707 1989 764 2023 IN
798 1988 1035 2022 LIBRUM
1072 1988 1128 2021 ΙΙ.

278 2100 359 2135 CAP.
380 2102 409 2135 Ι.
449 2101 507 2135 Ab
541 2100 695 2146 Scythis.
722 2101 860 2135 Eorum
889 2113 1028 2135 nomen
1053 2114 1073 2134 a
1093 2112 1212 2147 graeco
1241 2108 1362 2145 σκύθςς,
1386 2113 1456 2147 pro
1484 2108 1611 2150 σκύφος,

227 2162 402 2209 scyphus,
430 2162 565 2206 oritur3
591 2162 905 2209 Scytharcesque,
931 2162 1150 2209 Scytharum
1182 2174 1246 2197 rex
1262 2189 1270 2205 ‚
1296 2163 1343 2197 ab
1367 2162 1495 2197 eadem
1522 2175 1611 2197 voce

227 2229 262 2256 et
289 2229 398 2272 ἀρχάς,
423 2225 595 2270 princeps
618 2237 625 2257 :
649 2230 783 2271 σχυθίζω
802 2223 921 2267 enim,
944 2223 992 2258 ad
1015 2223 1176 2258 litteram
1201 2224 1354 2270 Scythas
1374 2223 1530 2267 imitari,
1559 2231 1611 2258 est

226 2284 352 2318 vinum
375 2284 505 2319 bibere
526 2285 573 2320 ad
594 2285 830 2328 ebrietatem,
844 2285 1002 2331 scyphos
1027 2286 1227 2329 exsiccare,
1249 2285 1471 2331 Scytharum
1493 2298 1609 2319 more.

225 2345 373 2392 Duplex
407 2354 485 2381 erat
513 2347 681 2394 Scythia,
708 2348 889 2393 Europaea
928 2353 963 2380 et
991 2347 1164 2382 Asiatica.
1197 2348 1408 2394 Europoea,
1433 2347 1472 2381 in
1501 2360 1611 2393 quam

226 2407 358 2441 Darius
377 2408 661 2455 impressionem
680 2408 767 2443 fecit
792 2420 875 2442 cum
898 2408 1061 2443 exercitu
1089 2408 1411 2455 septingentorum
1435 2408 1611 2451 millium,

226 2482 245 2502 a
269 2469 470 2512 Strabone,
501 2470 565 2504 lib.
591 2483 665 2513 vn,
692 2482 819 2518 parva
855 2469 1003 2514 Scythia
1043 2477 1216 2513 vocatur,
1251 2470 1351 2516 cujus
1387 2469 1477 2504 fines
1508 2477 1612 2505 erant

226 2530 362 2566 Tanais
382 2538 417 2565 et
439 2531 685 2578 Borysthenes
712 2529 827 2564 fluvii.
849 2530 1001 2577 Scythia
1024 2532 1213 2573 Asiatica,
1234 2532 1273 2566 in
1294 2544 1365 2579 qua
1378 2531 1512 2579 Cyrus,
1534 2531 1610 2578 pri—

226 2604 306 2626 mus
329 2605 396 2627 rex
415 2593 627 2635 Persarum,
642 2592 781 2626 bellum
807 2600 1034 2639 postremum
1055 2594 1231 2628 adversus
1245 2595 1469 2639 Massagetas
1484 2592 1609 2639 gessit,

227 2655 364 2700 duplex
385 2661 459 2688 est:
482 2666 556 2688 una
581 2654 675 2688 intra
704 2655 845 2689 Imaum
870 2662 1054 2695 montem,
1080 2657 1190 2690 altera
1213 2662 1314 2690 extra
1335 2657 1487 2689 Imaum.
1509 2654 1607 2689 Utri-
