1783 3282
268 275 337 311 166
852 274 1043 308 JUSTINI

262 374 362 401 esse.
406 359 498 399 Hoc
532 355 631 399 dolo
677 365 822 416 capta,
862 355 935 397 diu
970 352 1148 397 Acerbae
1193 353 1273 394 viri
1320 353 1494 395 nomine
1526 368 1623 394 cuin

261 435 407 479 multis
428 434 625 495 lacrymis
645 444 688 478 et
713 433 1018 477 lamentatione
1038 429 1168 473 flebili
1193 431 1419 485 invocato,
1446 430 1501 473 ad
1525 447 1625 490 pos-

262 525 468 570 tremum,
505 514 663 557 ituram
696 529 758 568 se,
801 528 889 571 quo
934 526 1013 554 sua
1052 519 1094 553 et
1125 509 1245 552 urbis
1280 509 1367 552 fata
1397 518 1625 563 vocarent,

261 592 495 653 respondit.
514 595 567 636 In
589 593 671 636 hoc
692 593 824 634 trium
844 590 1059 632 mensium
1078 597 1253 649 sumpto
1276 589 1437 648 spatio,
1458 605 1564 649 pyra
1583 590 1625 631 in

262 671 414 715 ultima
433 681 555 732 parte
575 671 692 713 urbis
714 678 955 724 exstructa,
974 666 1094 711 velut
1113 665 1337 727 placatura
1357 668 1437 709 viri
1456 684 1623 720 manes,

261 750 519 809 inferiasque
549 759 649 792 ante
680 749 852 808 nuptias
884 748 1088 801 missura,
1114 745 1271 790 multas
1298 746 1460 790 hostias
1483 746 1626 799 caedit,

261 839 323 885 et,
345 839 517 889 sumpto
545 827 710 889 gladio,
730 843 883 887 pyram
901 825 1171 879 conscendit3
1192 834 1323 885 atque
1340 825 1400 868 ita
1419 824 1473 868 ad
1489 841 1628 884 popu-

262 907 352 953 lum
369 908 599 967 respiciens
610 941 620 961 ,
639 907 830 949 «ituram
846 922 889 948 se
906 905 961 947 ad
975 905 1135 960 virum,
1154 905 1266 947 sicut
1278 913 1593 964 praeceperant,
1609 924 1627 943 »

263 987 392 1042 dixit,
414 986 632 1044 vitamque
651 983 792 1045 gladio
811 984 965 1027 finivit.

325 1064 534 1122 Quandiu
573 1063 792 1123 Carthago
825 1063 986 1106 invicta
1020 1062 1127 1118 fuit,
1163 1079 1243 1122 pro
1280 1062 1357 1104 dea
1399 1061 1516 1104 culta
1549 1072 1626 1105 est.

263 1144 449 1188 Condita
486 1153 548 1187 est
586 1143 690 1186 urbs
722 1142 812 1185 haec
844 1157 966 1185 Lxxn
991 1141 1114 1184 annis
1144 1151 1265 1195 ante,
1299 1157 1428 1200 quam
1460 1143 1628 1184 Roma:

263 1223 386 1282 cujus
415 1223 554 1265 virtus
581 1223 692 1265 sicut
723 1220 836 1264 bello
856 1219 971 1264 clara
992 1220 1094 1275 fuit,
1119 1221 1178 1263 ita
1197 1219 1313 1263 domi
1339 1228 1475 1262 status
1503 1220 1630 1263 variis

264 1302 576 1347 discordiarum
595 1301 763 1345 casibus
781 1301 966 1361 agitatus
981 1310 1056 1343 est.
1068 1300 1218 1356 Quum
1238 1300 1349 1342 inter
1363 1308 1505 1342 cetera
1518 1298 1630 1342 mala

265 1383 392 1425 etiam
415 1391 533 1442 peste
561 1380 834 1436 laborarent,
862 1390 1042 1424 cruenta
1072 1396 1292 1423 sacrorum
1327 1378 1562 1439 religione,
1590 1388 1632 1422 et

265 1460 421 1504 scelere
440 1477 519 1520 pro
540 1460 729 1504 remedio
747 1461 812 1503 usi
834 1469 954 1502 sunt:
975 1460 1136 1519 quippe
1155 1459 1351 1501 homines
1373 1468 1421 1500 ut
1436 1458 1632 1501 victimas

265 1538 570 1594 immolabant3
601 1549 644 1582 et
664 1540 906 1599 impuberes
928 1540 1041 1599 (quae
1065 1548 1165 1581 aetas
1192 1539 1321 1581 etiam
1342 1538 1534 1581 hostium
1554 1538 1634 1580 mi-

265 1618 543 1662 sericordiam
570 1618 806 1678 provocat)
830 1620 914 1661 aris
936 1617 1248 1673 admovebant,
1281 1633 1430 1677 pacem
1450 1616 1632 1660 deorum

265 1698 474 1758 sanguine
495 1714 645 1740 eorum
663 1707 967 1757 exposcentes,
987 1714 1066 1757 pro
1089 1713 1279 1756 quorum
1296 1697 1384 1739 vita
1405 1695 1464 1738 dii
1488 1699 1633 1756 rogari

264 1777 450 1818 maxime
471 1775 622 1819 solent.

328 1857 425 1899 VII.
463 1857 615 1914 Itaque
648 1857 803 1899 aversis
839 1865 958 1899 tanto
997 1856 1154 1899 scelere
1187 1856 1466 1908 numinibus,
1499 1870 1634 1914 quum

267 1936 309 1977 in
343 1933 486 1977 Sicilia
521 1934 595 1977 diu
630 1934 808 1978 feliciter
840 1935 1138 1989 dimicassent,
1169 1933 1377 1977 translato
1412 1935 1454 1976 in
1485 1932 1631 1976 Sardi-

268 2015 384 2057 niam
410 2013 542 2068 bello,
567 2015 724 2057 amissa
745 2014 906 2074 majore
927 2014 1141 2056 exercitus
1160 2023 1299 2072 parte,
1331 2013 1451 2073 gravi
1477 2011 1630 2072 proelio

267 2094 369 2137 victi
402 2102 516 2135 sunt.
556 2094 739 2152 Propter
770 2093 887 2152 quod
923 2092 1079 2135 ducem
1111 2108 1237 2135 suum
1269 2091 1482 2145 Maleum,
1512 2091 1635 2150 cujus

269 2173 470 2233 auspiciis
487 2182 529 2216 et
545 2171 700 2215 Sieiliae
722 2182 888 2232 partem
909 2171 1167 2214 domuerant
1185 2205 1195 2223 ,
1221 2180 1264 2214 et
1281 2170 1485 2213 adversus
1504 2170 1632 2213 Afros

267 2268 446 2312 magnas
472 2269 537 2296 res
555 2261 797 2312 gesserant,
825 2268 922 2294 cum
951 2260 1072 2311 parte
1098 2251 1334 2304 exercitus,
1365 2266 1459 2308 quae
1485 2265 1634 2309 super-

269 2330 430 2386 fuerat,
459 2331 655 2374 exsulare
667 2332 899 2390 jusserunt.
924 2331 1068 2386 Quam
1094 2346 1183 2372 rem
1211 2345 1322 2389 aegre
1346 2329 1530 2371 ferentes
1554 2329 1635 2371 mi-

269 2408 386 2464 lites,
415 2408 577 2469 legatos
599 2409 907 2470 Carthaginem
932 2410 1136 2463 mittunt,
1160 2410 1233 2468 qui
1256 2407 1446 2450 reditum
1467 2409 1632 2466 primo,

269 2489 525 2547 veniamque
564 2487 744 2531 infelicis
778 2487 967 2541 militiae,
1009 2497 1183 2547 petant;
1220 2497 1314 2529 tum
1349 2486 1636 2536 denuntient,

270 2567 386 2625 quod
416 2568 616 2627 precibus
642 2576 883 2627 nequeant,
911 2568 1042 2610 armis
1067 2584 1110 2610 se
1139 2576 1461 2610 consecuturos.
1486 2566 1633 2621 Quum

271 2655 310 2687 ct
347 2662 493 2704 preces
530 2656 568 2689 ct
608 2647 734 2689 minae
766 2646 1009 2706 legatorum
1047 2656 1199 2705 spretae
1235 2655 1397 2698 essent,
1440 2645 1638 2702 interjec-
