1783 3282
484 384 749 419 HISTORIAS
783 384 1094 419 PHILIPPICAS.
1402 386 1468 419 251

110 474 189 507 quae
217 461 275 495 hic
295 461 388 495 liber
416 461 690 507 complectitur,
717 473 804 495 cum*
825 467 1043 506 argumento
1067 461 1247 496 librorum
1274 476 1320 497 xx
1336 469 1369 497 et
1390 475 1472 496 xxn

110 522 219 567 plane
239 521 468 565 cohaereant,
493 521 598 556 facile
626 528 780 568 apparet
799 533 866 556 nos
887 521 996 556 etiam
1014 521 1075 555 hic
1098 521 1199 556 siculi
1222 523 1389 558 historici
1417 536 1474 558 re-

109 581 285 616 lationem
310 582 469 625 habere,
491 594 712 628 quamquam
732 582 952 633 scriptorum
979 581 1200 616 testimoniis
1218 583 1288 617 hoc
1315 583 1475 618 demon—

109 642 217 676 strari
237 655 315 677 non
340 649 471 690 potest.

165 704 248 737 CAP.
280 704 307 737 Ι.
337 705 541 738 Awunculos
560 703 726 749 fratrum
758 714 914 737 suorum.
953 704 1163 738 Secundum
1199 703 1290 738 alios
1325 706 1478 740 Dionem

111 763 252 807 solum,
278 777 353 798 non
375 765 483 799 etiam
511 763 759 810 Hipparinum
780 770 815 798 et
834 764 1012 809 Nysaeum.

164 825 247 858 CAP.
293 825 360 859 111.
402 824 645 871 Leoplzrom's.
689 824 793 858 MSS.
838 824 1078 870 Leoprofim's.
1115 825 1188 859 Sed
1226 824 1478 871 Rheginorum

114 891 291 931 tyrannus
312 893 389 920 erat
411 886 635 931 Leopliron,
662 883 832 919 Anaxilai
863 882 983 928 filius;
1005 885 1051 919 de
1083 897 1156 931 quo
1187 885 1269 920 vide
1294 886 1482 932 Excetpta

113 945 286 992 Dionysii
309 946 553 980 Halicarnass.
570 973 579 988 ,
600 958 719 992 nuper
739 945 786 979 ab
806 946 948 991 Angelo
972 946 1074 980 Maio
1099 946 1196 980 edita
1210 973 1220 990 ,
1243 959 1288 980 ex
1310 946 1373 981 lib.
1396 959 1460 981 Xix
1475 975 1483 990 ,

115 1009 133 1050 S
160 1010 178 1047 4
195 1034 204 1049 ,
227 1008 443 1043 clearchum
470 1013 541 1057 περὶ
566 1018 645 1045 Βιὼν
670 1014 801 1054 quarto
816 1007 913 1041 libro
935 1009 1034 1054 apud
1060 1009 1212 1051 Athen.,
1235 1021 1314 1051 ΧΠ,
1333 1021 1366 1055 p.
1391 1007 1483 1051 541,

115 1067 337 1103 Strabonem
359 1076 395 1104 et
419 1069 463 1104 al.

170 1129 252 1163 CAP.
281 1131 325 1167 V,
353 1130 569 1174 Tyrannicis
594 1129 715 1170 vitiis,
743 1136 809 1163 etc.
838 1131 893 1164 De
908 1129 1042 1175 quibus
1068 1129 1141 1163 vid.
1158 1130 1481 1173 l'L11TAncu11M,in

124 1187 211 1223 Vita
236 1190 386 1232 Dionis,
415 1203 450 1237 p.
480 1189 662 1236 960-961.

552 1313 610 1346 IN
644 1312 867 1346 LIBRUM
901 1313 1046 1346 XXII.

172 1422 226 1456 Ex
250 1422 388 1455 Timoeo
413 1421 550 1464 Siculo,
576 1421 637 1467 qui
667 1433 725 1455 res
749 1420 960 1467 Agathoclis
983 1420 1079 1467 regis
1102 1421 1263 1467 quinque
1292 1422 1486 1468 postremis

119 1483 367 1518 Historiarum
392 1494 539 1517 suarum
565 1481 670 1516 libris
695 1482 907 1528 complexus
926 1481 1053 1516 fuerat.

172 1543 255 1578 Car.
285 1544 312 1577 I.
330 1544 571 1578 Plraticam...
591 1543 764 1577 exercuit.
781 1541 862 1576 Hoc
877 1548 952 1576 tum
967 1543 1100 1578 factum
1116 1556 1193 1578 esse
1213 1544 1259 1578 ab
1274 1555 1318 1578 eo
1332 1544 1488 1578 Timaeus

120 1611 265 1647 narrat,
298 1616 409 1651 quum
433 1605 556 1640 Sicilia
580 1605 751 1650 expulsus
782 1604 829 1638 ab
853 1604 1052 1639 Sosistrato
1081 1612 1240 1652 tyranno
1274 1605 1313 1638 in
1347 1607 1490 1652 Magnae

117 1663 265 1699 Graeciae
286 1665 440 1700 urbibus
460 1672 764 1700 commoraretur.
779 1664 864 1699 Vid.
885 1666 1035 1714 Prolog.
1058 1678 1152 1700 xx11.

173 1727 256 1762 Cn.
285 1727 352 1761 111.
375 1727 497 1761 Pacis.
531 1726 711 1773 Intelligit
743 1738 872 1773 pacem
898 1738 980 1760 cuin
1014 1727 1282 1773 Agrigentinis,
1309 1726 1435 1761 Gelois
1457 1734 1490 1761 et

121 1787 333 1832 Messeniis,
364 1801 475 1835 quam
503 1788 697 1836 Agathocli
728 1787 941 1822 conciliavit
965 1788 1162 1822 Hamilcar.
1187 1788 1272 1822 Vid.
1302 1789 1491 1831 D1on0R.,

121 1860 206 1893 xxx,
234 1861 277 1893 71
296 1876 305 1893 ,
328 1861 385 1893 72.

177 1910 272 1954 Quae
285 1923 353 1945 res.
375 1910 509 1945 Omisit
524 1911 583 1944 hic
602 1910 802 1944 certamina
818 1923 901 1944 cum
921 1910 1124 1944 Dinocrate
1137 1937 1145 1953 ,
1165 1911 1329 1944 exsulum
1347 1923 1492 1957 syracu—

122 1982 299 2005 sanorum
320 1971 434 2014 duce,
462 1983 571 2017 quem
600 1970 922 2017 Carthaginienses
947 1971 1093 2005 auxiliis
1118 1971 1190 2005 suis
1206 1972 1389 2016 juverant.

173 2033 255 2067 CAP.
278 2033 341 2068 IV.
365 2034 421 2067 De
442 2032 571 2067 eadem
594 2044 632 2066 re
659 2032 788 2066 confer
807 2033 1058 2067 narrationem
1079 2032 1218 2067 Valerii
1238 2032 1403 2075 Maximi,
1419 2046 1494 2077 v11,

121 2106 148 2125 c.
182 2097 225 2135 l„
251 2101 420 2135 externa,
445 2096 462 2136 S
488 2106 515 2127 1.

177 2154 259 2188 (ΞΜ).
286 2155 349 2188 Vl.
387 2155 533 2188 Hanno.
556 2154 672 2189 Simul
704 2154 852 2200 quidem
883 2167 965 2188 cum
1002 2155 1227 2196 Bomilcare,
1259 2154 1410 2188 (liversae
1437 2155 1494 2188 fa-

123 2215 256 2250 ctionis
283 2215 364 2249 viro
388 2228 395 2249 :
417 2228 527 2261 quem
552 2228 615 2249 cur
631 2215 796 2249 omiserit
822 2216 1008 2257 justinus,
1032 2227 1076 2248 ex
1107 2215 1180 2260 ipsa
1204 2226 1336 2261 pugnae
1364 2228 1494 2250 narra-

124 2275 224 2310 tione
248 2284 412 2323 apparet.
440 2277 534 2311 Vide
549 2289 639 2311 vero
659 2277 895 2318 Dionouum,
915 2288 980 2317 xx,
1011 2288 1131 2309 10-12.

175 2340 258 2373 Cap.
273 2339 353 2372 VII.
376 2339 512 2373 I’roelio
525 2346 687 2385 superat.
712 2339 766 2371 De
778 2338 845 2371 hac
865 2337 1016 2371 victoria
1039 2336 1151 2370 ceteri
1166 2336 1256 2370 nihil
1272 2343 1497 2379 memorant,

123 2398 192 2432 nisi
206 2398 301 2433 forte
326 2399 386 2434 hic
410 2399 652 2445 intelligenda
679 2406 761 2433 sunt
785 2411 863 2445 quae
888 2398 1077 2432 Diodorus
1097 2397 1225 2440 refert,
1253 2410 1321 2440 xx,
1341 2397 1406 2440 38,
1427 2397 1475 2444 39
1490 2424 1498 2439 ‚

123 2460 168 2493 ab
195 2459 340 2494 Justino
367 2460 403 2494 in
430 2460 547 2505 majus
566 2467 681 2495 aucta.

933 2544 1168 2578 mezmcns
1200 2542 1413 2577 DUBNER.

520 2734 630 2762 {51le
667 2732 793 2761 l‘RlMt
835 2734 1091 2762 VOLUMths.
