1783 3282
313 293 359 327 88
894 291 1079 326 JUSTINI

307 376 467 434 juriam
499 391 646 434 passus
679 375 731 417 ab
765 374 909 418 Attalo
939 375 1077 417 fuerat
1107 391 1115 415 :
1149 375 1271 432 cujus
1303 372 1548 432 indignitati
1578 371 1667 415 hcec

311 456 440 497 etiam
470 453 637 497 foeditas
661 464 913 508 accesserat3
938 469 1037 494 nam
1064 452 1324 510 perductum
1348 452 1392 493 in
1420 452 1667 493 convivium

312 532 587 592 solutumque
625 549 744 576 mero
780 531 951 576 Attalus
988 547 1075 573 non
1105 547 1189 572 suae
1224 539 1413 585 tantum,
1450 546 1601 573 verum
1628 540 1669 572 et

311 613 591 655 convivarum
616 611 805 665 libidini,
830 609 946 653 velut
969 618 1161 652 scortum
1190 608 1296 663 vile,
1319 609 1579 669 subjecerat,
1607 609 1671 652 lu-

310 689 585 749 dibriumque
608 691 803 732 omnium
824 690 937 731 inter
953 687 1134 747 aequales
1151 686 1412 730 reddiderat.
1436 689 1559 730 Hanc
1578 703 1669 730 rem

309 785 419 829 aegre
447 769 585 812 ferens
609 769 864 824 Pausanias,
893 765 1112 826 querelam
1146 765 1348 826 Philippo
1374 782 1483 825 saepe
1511 764 1672 808 detule-

310 857 390 890 rat.
418 849 569 904 Quum
595 848 722 890 variis
749 846 1100 889 frustrationibus
1127 862 1213 888 non
1241 846 1331 887 sine
1363 845 1452 887 risu
1479 842 1672 886 differre·

311 935 399 980 tur,
427 935 469 967 et
491 925 752 968 honoratum
771 925 949 982 insuper
967 923 1125 965 ducatu
1144 923 1437 965 adversarium
1461 931 1670 975 cerneret,

310 1004 417 1046 iram
443 1004 487 1045 in
512 1004 653 1062 ipsum
677 1001 927 1060 Philippum
948 1002 1098 1056 vertit,
1124 1000 1438 1060 ultionemque,
1471 1017 1599 1060 quam
1618 1001 1670 1043 ab

311 1082 556 1125 adversario
577 1098 663 1124 non
690 1089 877 1139 poterat,
901 1080 953 1122 ab
980 1080 1129 1138 iniquo
1147 1079 1293 1138 judice
1316 1081 1470 1140 exegit.

372 1161 471 1203 VII.
502 1160 730 1202 Creditum
768 1168 831 1201 est
867 1160 1015 1213 etiam,
1053 1159 1295 1201 immissum
1326 1158 1379 1200 ab
1415 1158 1670 1218 Olympiade

311 1248 447 1281 matre
466 1237 698 1282 Alexandri
722 1237 870 1291 fuisse3
893 1253 972 1280 nec
987 1238 1127 1296 ipsum
1160 1236 1447 1279 Alexandrum
1472 1238 1670 1297 ignarum

312 1327 499 1377 paternae
518 1317 643 1360 caedis
657 1317 868 1360 exstitisse
886 1333 895 1358 ε
915 1318 1074 1376 quippe
1097 1332 1183 1358 non
1203 1317 1345 1358 minus
1367 1315 1668 1376 Olympiadem

312 1395 560 1456 repudium,
587 1405 629 1438 et
652 1394 870 1455 praelatam
892 1395 971 1437 sibi
993 1393 1290 1454 Cleopatram,
1320 1411 1449 1453 quam
1475 1404 1669 1454 stuprum

310 1476 566 1518 Pausaniam
587 1474 785 1517 doluisse.
801 1473 1095 1517 Alexandrum
1110 1490 1296 1533 quoque,
1311 1475 1432 1533 regni
1452 1473 1670 1527 aemulum,

313 1553 490 1596 fratrem
518 1569 568 1595 ex
598 1568 783 1595 noverca
821 1562 1068 1611 susceptum
1096 1553 1320 1606 timuisse,
1349 1568 1485 1611 eoque
1507 1562 1670 1607 actum,

313 1642 361 1674 ut
382 1633 425 1673 in
451 1632 650 1673 convivio
672 1639 796 1673 antea
820 1631 1008 1690 primum
1029 1647 1126 1673 cum
1143 1630 1311 1686 Attalo,
1333 1647 1434 1673 mox
1459 1647 1557 1673 cum
1580 1632 1672 1690 ipso

314 1720 434 1770 patre
464 1711 660 1770 jurgaret
686 1726 694 1751 :
723 1708 830 1752 adeo
860 1718 907 1751 ut
935 1710 1063 1751 etiam
1099 1710 1248 1752 stricto
1278 1709 1420 1769 gladio
1451 1726 1549 1752 eum
1574 1710 1674 1753 Phi-

315 1789 458 1849 lippus
492 1797 761 1831 consectatus
797 1788 870 1842 sit,
896 1803 1092 1847 aegreque
1126 1804 1149 1830 a
1181 1788 1257 1830 filii
1292 1788 1405 1831 caede
1435 1789 1673 1831 amicorum

315 1867 513 1927 precibus
550 1876 763 1909 exoratus.
790 1865 1090 1920 Quamobrem
1122 1865 1361 1909 Alexander
1391 1867 1445 1909 ad
1481 1884 1674 1909 avuncu-

315 1946 405 1990 lum
430 1962 472 1989 se
491 1947 534 1988 in
552 1946 732 2005 Epirum
760 1961 858 1987 cum
882 1954 1039 1998 matre,
1060 1944 1159 1986 inde
1179 1945 1231 1987 ad
1254 1961 1398 2005 regem
1423 1945 1672 2005 Illyriorum

316 2024 575 2077 contulerat3
602 2026 758 2083 vixque
787 2024 1007 2067 revocanti
1040 2024 1260 2084 mitigatus
1285 2034 1348 2067 est
1376 2026 1510 2083 patri,
1537 2025 1673 2084 preci-

315 2105 481 2162 busque
521 2113 805 2163 cognatorum
847 2119 957 2162 aegre
988 2102 1126 2146 redire
1158 2102 1419 2162 compulsus.
1451 2102 1673 2162 Olympias

316 2198 487 2242 quoque
510 2182 687 2225 fratrem
716 2198 841 2225 suum
859 2181 1175 2236 Alexandrum,
1196 2183 1316 2240 Epiri
1340 2198 1502 2242 regem,
1525 2182 1567 2223 in
1586 2181 1675 2224 bel-

317 2261 406 2304 lum
440 2262 721 2315 subornabat,
758 2262 1119 2320 pervicissetque,
1159 2262 1202 2302 ni
1230 2259 1325 2302 filiae
1357 2262 1518 2319 nuptiis
1554 2270 1674 2320 pater

317 2355 523 2398 generum
557 2349 820 2398 occupasset.
852 2340 930 2382 His
961 2338 1145 2381 stimulis
1173 2340 1333 2381 irarum
1368 2340 1539 2398 utrique
1566 2342 1675 2383 Pau-

316 2419 480 2461 saniam
504 2418 555 2460 de
584 2419 840 2477 impunitate
867 2419 1004 2476 stupri
1031 2418 1094 2459 sui
1122 2427 1398 2476 querentem,
1425 2418 1479 2460 ad
1504 2427 1673 2461 tantum

316 2496 479 2539 facinus
498 2495 716 2555 impulisse
737 2495 985 2538 creduntur.
1004 2495 1225 2555 Olympias
1244 2505 1357 2538 certe
1375 2495 1556 2556 fugienti
1577 2513 1673 2556 per-

317 2576 479 2618 cussori
509 2591 640 2633 equos
674 2590 845 2633 quoque
870 2583 1128 2633 praeparatos
1168 2575 1330 2618 habuit.
1366 2577 1463 2634 Ipsa
1494 2574 1671 2629 deinde,

317 2653 462 2697 audita
482 2654 592 2713 regis
616 2669 738 2708 nece,
757 2669 890 2711 quum
916 2652 1042 2695 titulo
1068 2653 1196 2695 officii
1216 2654 1268 2696 ad
1285 2655 1505 2712 exsequias
1521 2668 1671 2697 cucur-
