1783 3282
494 279 837 314 HISTORIARUM
866 281 953 314 LIB.
976 283 1057 317 XII.
1387 293 1454 325 117

95 373 144 400 ac
172 359 205 400 si
240 375 326 401 non
358 358 592 414 militibus,
624 359 690 402 vel
727 362 807 420 ipsi
837 362 917 403 sibi
949 371 1115 420 parcat,
1151 380 1204 405 ne
1235 363 1454 408 fortunam

96 452 215 478 suam
242 437 370 479 nimis
394 438 617 481 onerando
637 439 798 498 fatiget.
815 459 834 480 n
852 441 999 483 Motus
1019 440 1085 482 his
1109 449 1195 482 tam
1216 443 1340 499 justis
1356 460 1454 502 pre-

93 514 235 568 cibus,
258 514 376 558 velut
404 517 445 558 in
470 516 600 559 finem
628 518 839 571 victoriae,
860 527 998 560 castra
1026 516 1152 560 solito
1177 520 1452 576 magnificen-

96 593 206 636 tiora
233 593 327 636 fieri
349 595 495 654 jussit,
524 612 710 655 quorum
730 595 1027 639 molitionibus
1053 605 1095 638 et
1119 595 1252 638 hostis
1275 606 1456 641 terrere-

96 680 184 725 tur,
200 680 240 715 et
258 675 441 732 posteris
459 674 688 717 admiratio
707 676 771 717 sui
790 673 1122 733 relinqueretur.
1144 673 1327 717 Nullum
1348 693 1456 735 opus

94 748 250 793 milites
278 749 413 794 laetius
442 752 593 794 fecere.
623 754 774 810 Itaque
798 752 915 795 caesis
939 752 1154 807 hostibus,
1183 769 1280 794 cum
1307 764 1454 813 gratu-

95 826 259 871 latione
286 829 330 870 in
358 829 506 871 eadem
532 839 818 872 reverterunt.

156 907 234 948 IX.
261 906 367 949 Inde
398 906 647 950 Alexander
669 907 723 950 ad
752 925 923 951 amnem
949 911 1175 953 Acesinem
1200 912 1341 971 pergit
1358 928 1366 954 ε
1383 928 1458 971 per

97 986 210 1028 hunc
230 985 274 1027 in
301 986 527 1028 Oceanum
554 985 791 1030 devehitur.
814 988 879 1031 Ibi
905 989 1196 1031 Hiacensanas
1221 988 1458 1050 Sileosque,

93 1080 200 1122 quos
227 1063 436 1109 Hercules
463 1064 680 1121 condidit,
710 1067 752 1108 in
779 1066 1047 1110 deditionem
1072 1069 1250 1128 accepit.
1277 1070 1388 1114 Hinc
1414 1072 1457 1112 in

92 1144 281 1187 Ambros
317 1155 360 1187 et
394 1144 651 1202 Sygambros
680 1146 870 1206 navigat.
902 1148 1010 1203 Quae
1042 1158 1191 1208 gentes
1228 1165 1327 1192 eum
1359 1166 1458 1193 cum

91 1223 268 1286 armatis
295 1239 405 1267 Lxxx
431 1224 622 1267 millibus
648 1225 862 1284 peditum,
892 1235 933 1268 et
962 1243 1015 1269 Lx
1046 1227 1238 1271 millibus
1263 1232 1457 1287 equitum

91 1301 326 1360 excipiunt.
355 1304 506 1360 Quum
537 1302 690 1362 proelio
717 1305 857 1346 victor
882 1314 1013 1359 esset,
1040 1308 1278 1349 exercitum
1305 1308 1357 1349 ad
1388 1324 1459 1350 ur-

90 1379 190 1422 bem
214 1396 366 1423 eorum
388 1381 521 1424 ducit.
538 1383 684 1438 Quam
709 1383 921 1426 desertam
941 1400 963 1426 a
984 1383 1303 1440 defensoribus,
1322 1402 1456 1444 quum

91 1458 144 1501 de
169 1475 316 1515 muro,
336 1477 465 1520 quem
492 1462 657 1520 primus
680 1471 875 1521 ceperat,
903 1462 1300 1519 animadvertisset,
1328 1466 1371 1506 in
1390 1481 1460 1507 ur-

88 1538 154 1581 his
169 1537 396 1598 planitiem
410 1540 502 1582 sine
526 1539 615 1582 ullo
631 1540 816 1583 satellite
837 1540 1009 1584 desiliit.
1034 1544 1186 1601 Itaque
1209 1560 1344 1601 quum
1360 1560 1458 1585 eum

89 1617 234 1661 hostes
258 1617 399 1661 solum
415 1620 762 1678 conspexissent,
779 1619 968 1663 clamore
986 1620 1103 1663 edito
1116 1655 1126 1675 ,
1150 1621 1343 1680 undique
1359 1639 1461 1664 con-

90 1707 295 1753 currunt,
326 1699 359 1740 si
390 1699 557 1757 possint
587 1699 631 1740 in
664 1715 751 1741 uno
782 1700 921 1758 capite
950 1699 1066 1742 orbis
1095 1698 1210 1742 bella
1241 1701 1387 1755 finire,
1420 1711 1459 1743 et

89 1775 301 1819 ultionem
328 1787 391 1819 tot
419 1778 620 1837 gentibus
649 1778 764 1820 dare.
796 1779 888 1822 Nee
917 1778 1061 1820 minus
1084 1777 1329 1822 Alexander
1357 1797 1459 1822 con-

88 1865 254 1898 stanter
290 1858 477 1911 resistit,
510 1866 552 1899 et
588 1874 700 1901 unus
728 1858 932 1902 adversus
965 1869 1031 1902 tot
1059 1858 1194 1902 millia
1217 1859 1454 1919 proeliatur.

85 1935 347 1978 Incredibile
374 1935 492 1979 dictu
530 1945 612 1991 est,
638 1947 685 1979 ut
714 1955 813 1980 eum
848 1955 937 1981 non
975 1938 1211 1982 multitudo
1250 1939 1458 1994 hostium,

87 2030 174 2057 non
214 2016 277 2058 vis
305 2032 465 2076 magna
495 2013 704 2071 telorum,
736 2033 824 2059 non
860 2027 1006 2060 tantus
1038 2017 1341 2060 lacessentium
1372 2017 1459 2061 cla-

86 2110 182 2137 mor
206 2096 435 2149 terruerit,
463 2094 578 2138 solus
595 2104 658 2137 tot
679 2094 814 2138 millia
831 2096 1036 2138 ceciderit
1050 2113 1099 2139 ac
1123 2096 1351 2156 fugaverit.
1372 2097 1457 2140 Ubi

86 2189 190 2217 vero
221 2174 347 2217 obrui
380 2174 664 2218 multitudine
693 2192 736 2217 se
760 2175 886 2229 vidit,
914 2185 1069 2218 trunco
1094 2193 1157 2229 se,
1178 2177 1252 2234 qui
1280 2187 1460 2236 propter

85 2269 261 2296 murum
294 2255 455 2310 stabat,
484 2254 714 2314 applicuit3
742 2256 864 2313 cujus
892 2255 1052 2297 auxilio
1083 2265 1202 2297 tutus
1226 2271 1360 2314 quum
1386 2255 1458 2299 diu

86 2350 241 2394 agmen
264 2336 557 2390 sustinuisset,
578 2335 754 2378 tandem
781 2337 956 2395 cognito
978 2333 1172 2394 periculo
1192 2336 1301 2394 ejus,
1332 2336 1457 2377 amici

86 2414 141 2458 ad
177 2430 275 2457 eum
312 2414 542 2470 desiliunt3
583 2432 635 2458 ex
667 2416 824 2474 quibus
855 2415 981 2458 multi
1017 2417 1143 2458 caesi:
1169 2414 1458 2474 proeliumque

87 2494 252 2538 tamdiu
288 2510 444 2554 anceps
478 2494 585 2549 fuit,
613 2494 757 2554 quoad
782 2495 924 2537 omnis
953 2496 1187 2548 exercitus,
1218 2495 1353 2537 muris
1388 2494 1458 2536 de-

83 2575 228 2635 jectis,
253 2575 296 2616 in
318 2573 526 2616 auxilium
546 2575 726 2616 veniret.
749 2575 800 2616 In
822 2590 872 2617 eo
892 2573 1047 2633 proelio
1063 2575 1220 2633 sagitta
1235 2574 1313 2616 sub
1330 2588 1456 2614 marn-

87 2671 157 2697 ma
182 2653 406 2714 trajectus,
434 2669 569 2712 quum
600 2653 823 2712 sanguinis
850 2653 968 2695 fluxu
997 2652 1221 2707 deficeret,
1247 2667 1358 2710 genu
1382 2667 1457 2710 po-
