1783 3282
517 272 863 307 HISTORIARUM
891 274 978 306 LIB.
1006 275 1051 307 II.
1423 286 1465 320 19

101 357 272 416 proficit
288 358 494 400 vitiorum
512 356 746 416 ignoratio,
765 370 896 414 quam
914 355 958 396 in
980 354 1047 397 his
1062 357 1253 414 cognitio
1276 358 1464 401 virtutis.

162 438 242 479 III.
271 437 510 495 Imperium
538 436 651 479 Asiae
683 444 749 477 ter
776 434 1010 492 quaesivere
1034 449 1043 475 ε
1072 434 1152 492 ipsi
1179 446 1387 494 perpetuo
1413 437 1466 480 ab

98 514 238 558 alieno
262 516 444 574 imperio
465 523 540 556 aut
563 514 733 568 intacti,
756 521 832 556 aut
853 512 1005 554 invicti
1029 527 1239 554 mansere.
1264 515 1466 571 Darium,

97 611 242 655 regem
269 596 500 637 Persarum
516 602 534 649 ,¹
557 594 675 653 turpi
705 593 760 637 ab
792 592 969 651 Scythia
999 592 1313 635 submoverunt
1339 593 1465 654 fuga:

100 676 263 732 Cyrum
281 688 381 716 cum
400 674 517 715 omni
533 673 725 715 exercitu
748 671 1099 714 trucidaverunt:
1117 669 1355 714 Alexandri
1377 674 1468 716 Ma—

98 754 171 812 gni
196 752 350 795 ducem
378 752 621 812 Zopyriona
646 751 740 810 pari
767 751 935 792 ratione
967 765 1066 793 cum
1099 750 1233 809 copiis
1257 751 1469 794 universis

98 830 376 874 deleverunt:
401 833 702 874 Romanorum
737 828 967 883 audivere,
1002 845 1089 871 non
1126 844 1296 872 sensere
1332 845 1465 873 arma.

97 909 350 952 Parthicum
385 918 428 952 et
461 910 743 952 Bactrianum
779 907 1011 967 imperium
1046 908 1126 966 ipsi
1157 907 1467 954 condiderunt.

97 989 214 1031 Gens
237 987 459 1031 laboribus
483 997 526 1030 et
547 986 670 1030 bellis
694 1003 869 1046 aspera:
894 987 1007 1030 vires
1030 1002 1264 1046 corporum
1288 988 1469 1031 immen-

96 1083 150 1110 sae
174 1084 182 1109 ε
206 1066 315 1110 nihil
338 1084 492 1127 parare
507 1101 518 1123 ,
542 1066 660 1126 quod
683 1067 882 1110 amittere
906 1066 1114 1109 timeant:
1143 1066 1252 1110 nihil
1281 1068 1468 1111 victores

95 1156 252 1205 praeter
275 1145 458 1207 gloriam
476 1147 808 1205 concupiscunt.
830 1146 1004 1188 Primus
1024 1145 1194 1204 Scythis
1217 1144 1381 1189 bellum
1406 1148 1469 1189 in-

95 1225 203 1268 dixit
244 1227 449 1269 Sesostris
490 1242 565 1268 rex
600 1225 835 1284 aegyptius,
871 1224 1012 1267 missis
1040 1225 1183 1283 primo
1218 1223 1466 1282 lenonibus,

94 1305 168 1363 qui
190 1304 389 1347 hostibus
405 1304 585 1364 parendi
604 1303 743 1363 legem
759 1303 965 1346 dicerent.
983 1302 1067 1346 Sed
1083 1303 1251 1362 Scythae
1261 1304 1352 1363 jam
1367 1314 1467 1347 ante

93 1383 146 1426 de
172 1383 361 1427 adventu
391 1384 504 1443 regis
532 1399 555 1426 a
581 1382 776 1426 finitimis
808 1383 1013 1425 certiores
1043 1381 1165 1437 facti,
1193 1381 1345 1442 legatis
1376 1399 1466 1427 res-

93 1463 313 1522 pondent:
338 1483 358 1503 «
379 1465 488 1506 Tam
511 1461 708 1522 opulenti
731 1460 881 1522 populi
906 1461 1061 1504 ducem
1085 1460 1239 1504 stolide
1262 1461 1467 1507 adversus

92 1542 243 1602 inopes
267 1558 501 1602 occupasse
524 1540 688 1585 bellum
704 1575 715 1597 ,
740 1540 858 1600 quod
880 1542 1018 1601 magis
1041 1540 1159 1583 domi
1178 1540 1310 1584 fuerit
1332 1540 1392 1584 illi
1416 1543 1468 1585 ti-

92 1621 299 1664 mendum
323 1638 331 1663 :
357 1621 474 1680 quod
498 1619 599 1663 belli
622 1629 842 1663 certamen
865 1635 1044 1678 anceps,
1070 1620 1247 1678 praemia
1272 1621 1466 1665 victoriae

92 1699 237 1756 nulla,
268 1700 425 1744 damna
458 1699 687 1743 manifesta
720 1700 817 1742 sint.
849 1700 990 1758 lgitur
1017 1715 1104 1741 non
1138 1709 1464 1758 exspectaturos

91 1780 271 1839 Scythas
295 1780 399 1823 dum
429 1779 483 1822 ad
515 1795 558 1822 se
590 1780 814 1833 veniatur,
840 1795 975 1837 quum
999 1787 1120 1821 tanto
1148 1778 1228 1821 sibi
1260 1777 1386 1838 plura
1421 1781 1464 1824 in

90 1859 213 1902 hoste
230 1857 577 1918 concupiscenda
595 1858 700 1912 sint3
712 1855 916 1916 ultroque
933 1856 1085 1916 praedae
1100 1858 1237 1900 ituros
1252 1858 1463 1902 obviam.»

88 1939 180 1982 Nec
198 1938 315 1982 dicta
336 1954 403 1981 res
427 1947 618 1981 morata:
638 1954 746 1996 quos
770 1953 905 1996 quum
929 1946 1049 1980 tanta
1073 1935 1294 1981 celeritate
1316 1940 1463 1983 venire

88 2033 163 2060 rex
194 2017 492 2073 addidicisset,
531 2018 575 2059 in
608 2017 757 2077 fugam
793 2017 1001 2071 vertitur,
1044 2018 1326 2077 exercituque
1360 2035 1461 2062 cum

88 2098 206 2140 omni
244 2107 455 2157 apparatu
499 2095 601 2140 belli
640 2096 794 2140 relicto
809 2131 820 2153 ,
859 2098 903 2139 in
954 2113 1137 2157 regnum
1182 2097 1376 2157 trepidus
1418 2116 1462 2142 se

86 2177 261 2235 recepit.
300 2177 481 2236 Scythas
522 2177 575 2219 ab
611 2178 797 2236 AEgypto
833 2175 1011 2236 paludes
1046 2176 1307 2236 prohibuere
1332 2177 1463 2221 :inde

89 2256 270 2310 reversi,
302 2256 449 2299 Asiam
486 2255 775 2315 perdomitam
808 2254 1064 2316 vectigalem
1097 2254 1260 2312 fecere,
1289 2256 1462 2301 modico

88 2333 282 2389 tributo,
320 2336 457 2395 magis
490 2336 535 2378 in
570 2334 747 2378 titulum
786 2336 978 2395 imperii,
1017 2351 1146 2394 quam
1182 2336 1227 2378 in
1270 2336 1462 2380 victoriae

88 2414 338 2473 praemium,
364 2415 580 2473 imposito.
605 2415 870 2471 Quindecim
889 2416 1012 2458 annis
1028 2414 1233 2478 pacandae
1249 2416 1360 2459 Asiae
1383 2417 1461 2459 im-

89 2494 245 2536 morati
264 2527 274 2548 ,
299 2509 483 2536 uxorum
506 2493 774 2554 flagitatione
793 2504 1081 2550 revocantur,
1105 2510 1182 2554 per
1208 2493 1372 2554 legatos
1389 2495 1462 2537 de-

89 2574 410 2615 nuntiantium:
437 2592 455 2612 «
472 2573 527 2616 Ni
550 2573 756 2630 redeant,
780 2572 974 2617 sobolem
1002 2590 1044 2616 se
1071 2589 1093 2616 e
1118 2573 1314 2616 finitimis
1342 2589 1459 2632 quae-

90 2652 270 2707 situras,
309 2667 387 2694 nec
426 2668 649 2711 passuras,
686 2662 735 2695 ut
778 2654 821 2695 in
863 2653 1161 2711 posteritatem
1199 2651 1458 2711 Scytharum

1233 2748 1272 2773 2.
