1783 3282
465 279 814 314 IHSTORIARUM
844 280 931 313 LIB.
959 282 1004 314 ΙΙ,
1372 280 1413 314 31

51 365 500 418 circumvenirentur,
530 363 603 405 sed
637 362 741 405 dum
769 378 853 405 nox
881 364 1155 404 occasionem
1186 364 1333 420 daret,
1358 381 1420 408 se-

50 444 165 486 curis
187 452 229 486 et
251 441 358 485 laetis
375 441 770 502 superveniendum
789 457 797 483 :
815 456 1031 499 nusquam
1056 441 1244 485 victores
1265 444 1420 487 hones—

50 523 134 565 tius
150 556 161 577 ,
182 538 313 581 quam
336 523 380 564 in
403 521 556 564 castris
578 520 771 563 hostium
796 520 1063 579 perituros.»
1082 518 1203 562 Nihil
1227 531 1320 563 erat
1341 522 1419 565 dif-

48 600 159 644 ficile
185 601 445 661 persuadere
476 601 692 659 persuasis
719 600 829 642 mori
852 616 860 641 :
889 599 1036 642 statim
1066 614 1187 641 arma
1216 600 1418 658 capiunt,

48 690 90 722 et
113 681 300 723 sexcenti
320 680 400 722 viri
418 689 557 722 castra
571 679 913 738 quingentorum
936 676 1123 720 millium
1148 678 1419 738 irrumpunt,

48 761 280 818 statimque
305 759 417 818 regis
446 759 697 818 praetorium
721 766 877 816 petunt
894 791 905 812 ,
928 766 1004 799 aut
1032 773 1133 799 cum
1162 755 1256 813 illo,
1287 768 1362 800 aut
1386 761 1419 801 si

47 839 129 897 ipsi
152 839 346 897 oppressi
368 846 535 891 essent,
560 837 604 878 in
627 837 761 896 ipsius
784 836 1061 895 potissimum
1081 835 1180 879 sede
1201 837 1417 880 morituri.

45 915 277 959 Tumultus
303 917 405 959 totis
433 916 584 958 castris
608 916 762 958 oritur.
790 916 1017 974 Spartani,
1045 925 1329 974 posteaquam
1356 933 1422 959 re-

45 1012 142 1055 gem
166 1012 253 1038 non
278 996 523 1050 inveniunt,
541 1011 618 1054 per
640 995 786 1038 omnia
815 1004 954 1037 castra
978 995 1164 1038 victores
1186 1006 1420 1056 vagantur,

45 1074 235 1130 caedunt,
271 1084 559 1134 sternuntque
595 1075 740 1117 omnia
766 1091 774 1116 :
811 1084 860 1116 ut
888 1075 962 1133 qui
991 1075 1130 1117 sciant
1155 1091 1198 1118 se
1225 1091 1420 1136 pugnare

44 1170 132 1197 non
150 1170 226 1214 spe
239 1155 449 1209 victoriae,
470 1153 544 1196 sed
562 1155 605 1196 in
626 1154 779 1196 mortis
799 1152 1023 1196 ultionem.
1039 1152 1247 1197 Proelium
1263 1170 1288 1197 a
1303 1155 1422 1213 prin-

45 1235 161 1293 cipio
183 1234 324 1276 noctis
348 1234 391 1275 in
415 1233 626 1292 majorem
644 1242 813 1292 partem
835 1231 921 1274 diei
944 1241 1150 1274 tractum.
1165 1232 1232 1276 Ad
1255 1243 1422 1291 postre-

46 1329 166 1355 mum
201 1329 289 1356 non
323 1313 447 1367 victi,
485 1311 560 1355 sed
599 1311 814 1355 vincendo
850 1311 1036 1372 fatigati,
1070 1313 1184 1355 inter
1225 1313 1421 1372 ingentes

45 1401 281 1434 stratorum
303 1391 497 1435 hostium
521 1400 716 1434 catervas
740 1390 1011 1434 occiderunt.
1037 1393 1222 1447 Xerxes,
1251 1391 1422 1434 duobus

44 1469 297 1514 vulneribus
326 1471 520 1514 terrestri
548 1469 702 1531 proelio
729 1471 938 1530 acceptis,
964 1470 1150 1530 experiri
1176 1471 1306 1514 maris
1333 1470 1421 1513 for-

46 1560 197 1592 tunam
221 1550 386 1593 statuit.

108 1631 211 1672 XII.
235 1629 319 1672 Sed
344 1629 677 1673 Atheniensium
699 1629 786 1672 dux
809 1628 1125 1672 Themistocles
1141 1663 1152 1683 ,
1175 1645 1310 1688 quum
1333 1630 1423 1672 ani-

46 1708 362 1764 madvertisset,
376 1711 518 1763 Ionas,
535 1719 716 1769 propter
733 1725 841 1768 quos
856 1707 1021 1751 bellum
1037 1710 1268 1752 Persarum
1280 1725 1424 1753 susce-

45 1797 223 1847 perant,
247 1789 291 1830 in
315 1787 523 1831 auxilium
540 1789 654 1848 regis
673 1787 808 1831 classe
825 1790 1012 1842 venisse,
1035 1786 1268 1831 sollicitare
1287 1804 1360 1832 eos
1378 1790 1421 1832 in

46 1877 190 1927 partes
222 1884 320 1910 suas
355 1868 521 1910 statuit.
560 1869 635 1923 Et,
661 1884 798 1927 quum
823 1866 1101 1927 colloquendi
1130 1868 1301 1927 copiam
1333 1884 1421 1911 non

46 1946 225 1990 haberet
240 1981 251 2002 ,
289 1963 377 2006 quo
412 1946 664 2007 applicituri
690 1957 840 2004 erant,
877 1946 1096 2007 symbolos
1132 1948 1345 2007 proponi,
1381 1957 1423 1990 et

46 2027 158 2069 saxis
177 2026 392 2085 proscribi
415 2036 563 2069 curat:
586 2027 728 2083 «Quae
750 2043 846 2083 vos,
870 2029 1019 2081 Iones,
1038 2025 1255 2070 dementia
1279 2028 1424 2070 tenet?

46 2105 164 2164 quod
185 2104 353 2148 facinus
376 2105 581 2166 agitatis?
609 2104 774 2148 bellum
803 2105 961 2149 inferre
988 2104 1092 2148 olim
1123 2105 1424 2149 conditoribus

47 2185 220 2240 vestris,
240 2202 380 2245 nuper
404 2187 535 2229 etiam
560 2185 826 2241 vindicibus,
851 2184 1082 2246 cogitatis?
1107 2186 1175 2228 An
1196 2184 1293 2228 ideo
1316 2201 1422 2228 moe-

47 2264 119 2306 nia
146 2273 288 2307 vestra
323 2264 618 2320 condidimus,
652 2275 702 2308 ut
735 2274 879 2309 essent
913 2265 988 2323 qui
1023 2273 1171 2307 nostra
1199 2263 1425 2307 delerent?

48 2342 185 2402 quid?
208 2344 242 2386 si
268 2360 355 2387 non
376 2344 469 2387 haec
498 2354 541 2387 et
571 2345 706 2404 Dario
734 2345 856 2404 prius
873 2379 884 2400 ,
912 2353 956 2387 et
986 2359 1103 2386 nunc
1137 2345 1299 2400 Xerxi,
1322 2343 1424 2387 belli

49 2438 177 2466 causa
197 2422 425 2466 nobiscum
441 2423 571 2480 foret,
595 2424 713 2484 quod
734 2440 810 2467 vos
832 2422 1093 2467 rebellantes
1116 2439 1203 2466 non
1228 2423 1425 2466 destitui—

49 2500 319 2557 musPQuin
350 2518 427 2545 vos
456 2504 499 2545 in
532 2503 623 2546 haec
655 2513 805 2546 nostra
837 2512 977 2546 castra
1004 2518 1056 2545 ex
1086 2503 1169 2545 ista
1199 2502 1424 2545 obsidione

48 2581 274 2625 transitis?
300 2584 387 2625 Aut
407 2583 439 2624 si
463 2582 547 2624 hoc
571 2599 726 2640 parum
751 2592 895 2625 tutum
925 2592 1007 2636 est,
1032 2592 1076 2625 at
1096 2599 1172 2625 vos
1193 2582 1424 2624 commisso

49 2659 200 2719 proelio
225 2662 282 2704 ite
305 2662 485 2715 cessim,
513 2661 704 2703 inhibete
728 2663 881 2716 remis,
905 2671 946 2703 et
972 2678 995 2703 a
1024 2659 1141 2703 bello
1165 2659 1386 2703 discedite.
1406 2679 1424 2699 ›>
