<?xml version="1.0" encoding="UTF-8"?>
<!DOCTYPE html PUBLIC "-//W3C//DTD XHTML 1.0 Transitional//EN"
    "http://www.w3.org/TR/xhtml1/DTD/xhtml1-transitional.dtd">
<html xmlns="http://www.w3.org/1999/xhtml" xml:lang="en" lang="en">
 <head>
  <title>
</title>
<meta http-equiv="Content-Type" content="text/html;charset=utf-8" />
  <meta name='ocr-system' content='tesseract 3.04.00' />
  <meta name='ocr-capabilities' content='ocr_page ocr_carea ocr_par ocr_line ocrx_word'/>
</head>
<body>
  <div class='ocr_page' id='page_1' title='image "./historiarumphili01justuoft_0102.png"; bbox 0 0 1783 3282; ppageno 0'>
   <div class='ocr_carea' id='block_1_1' title="bbox 327 272 1096 315">
    <p class='ocr_par' dir='ltr' id='par_1_1' title="bbox 327 272 1096 315">
     <span class='ocr_line' id='line_1_1' title="bbox 327 272 1096 315; baseline 0 -9"><span class='ocrx_word' id='word_1_1' title='bbox 327 274 372 315; x_wconf 52' lang='lat'>822</span> <span class='ocrx_word' id='word_1_2' title='bbox 912 272 1096 306; x_wconf 71' lang='lat' dir='ltr'>Jt&#39;srm</span> 
     </span>
    </p>
   </div>
   <div class='ocr_carea' id='block_1_2' title="bbox 324 355 1747 2618">
    <p class='ocr_par' dir='ltr' id='par_1_2' title="bbox 324 355 1747 2618">
     <span class='ocr_line' id='line_1_2' title="bbox 389 355 1687 414; baseline -0.003 -17"><span class='ocrx_word' id='word_1_3' title='bbox 389 358 443 398; x_wconf 93' lang='grc' dir='ltr'>ΙΙ.</span> <span class='ocrx_word' id='word_1_4' title='bbox 469 357 573 397; x_wconf 86' lang='lat' dir='ltr'>Erat</span> <span class='ocrx_word' id='word_1_5' title='bbox 591 371 641 396; x_wconf 86' lang='lat' dir='ltr'>eo</span> <span class='ocrx_word' id='word_1_6' title='bbox 665 364 859 414; x_wconf 86' lang='lat' dir='ltr'>tempore</span> <span class='ocrx_word' id='word_1_7' title='bbox 874 371 946 397; x_wconf 79' lang='lat' dir='ltr'>rex</span> <span class='ocrx_word' id='word_1_8' title='bbox 966 355 1225 414; x_wconf 75' lang='lat' dir='ltr'><strong>Scytharum</strong></span> <span class='ocrx_word' id='word_1_9' title='bbox 1240 355 1420 407; x_wconf 86' lang='lat' dir='ltr'>Atheas,</span> <span class='ocrx_word' id='word_1_10' title='bbox 1438 355 1531 412; x_wconf 86' lang='lat' dir='ltr'>qui,</span> <span class='ocrx_word' id='word_1_11' title='bbox 1553 368 1687 410; x_wconf 89' lang='lat' dir='ltr'>quum</span> 
     </span>
     <span class='ocr_line' id='line_1_3' title="bbox 327 431 1690 492; baseline -0.002 -16"><span class='ocrx_word' id='word_1_12' title='bbox 327 433 441 477; x_wconf 88' lang='lat' dir='ltr'>bello</span> <span class='ocrx_word' id='word_1_13' title='bbox 466 434 753 476; x_wconf 82' lang='lat' dir='ltr'>Istrianorum</span> <span class='ocrx_word' id='word_1_14' title='bbox 776 443 1071 492; x_wconf 74' lang='lat' dir='ltr'>premeretur,</span> <span class='ocrx_word' id='word_1_15' title='bbox 1101 432 1309 474; x_wconf 82' lang='lat' dir='ltr'>auxilium</span> <span class='ocrx_word' id='word_1_16' title='bbox 1336 449 1359 474; x_wconf 88' lang='lat' dir='ltr'>a</span> <span class='ocrx_word' id='word_1_17' title='bbox 1387 431 1588 490; x_wconf 85' lang='lat' dir='ltr'>Philippo</span> <span class='ocrx_word' id='word_1_18' title='bbox 1614 446 1690 489; x_wconf 86' lang='lat' dir='ltr'>per</span> 
     </span>
     <span class='ocr_line' id='line_1_4' title="bbox 327 509 1691 572; baseline -0.003 -17"><span class='ocrx_word' id='word_1_19' title='bbox 327 510 652 572; x_wconf 82' lang='lat' dir='ltr'>Apollonienses</span> <span class='ocrx_word' id='word_1_20' title='bbox 676 512 801 570; x_wconf 89' lang='lat' dir='ltr'>petit,</span> <span class='ocrx_word' id='word_1_21' title='bbox 827 513 869 552; x_wconf 92' lang='lat' dir='ltr'>in</span> <span class='ocrx_word' id='word_1_22' title='bbox 894 511 1210 553; x_wconf 88' lang='lat' dir='ltr'>successionem</span> <span class='ocrx_word' id='word_1_23' title='bbox 1237 527 1335 552; x_wconf 90' lang='lat' dir='ltr'>eum</span> <span class='ocrx_word' id='word_1_24' title='bbox 1362 510 1483 569; x_wconf 86' lang='lat' dir='ltr'>regni</span> <span class='ocrx_word' id='word_1_25' title='bbox 1508 509 1691 568; x_wconf 78' lang='lat' dir='ltr'>Scythiae</span> 
     </span>
     <span class='ocr_line' id='line_1_5' title="bbox 326 588 1691 649; baseline -0.003 -16"><span class='ocrx_word' id='word_1_26' title='bbox 326 590 623 649; x_wconf 78' lang='lat' dir='ltr'>adoptaturus.</span> <span class='ocrx_word' id='word_1_27' title='bbox 641 591 792 644; x_wconf 85' lang='lat' dir='ltr'>Quum</span> <span class='ocrx_word' id='word_1_28' title='bbox 811 590 983 630; x_wconf 87' lang='lat' dir='ltr'>interim</span> <span class='ocrx_word' id='word_1_29' title='bbox 1004 589 1290 631; x_wconf 80' lang='lat' dir='ltr'>Istrianorum</span> <span class='ocrx_word' id='word_1_30' title='bbox 1310 604 1383 630; x_wconf 82' lang='lat' dir='ltr'>rex</span> <span class='ocrx_word' id='word_1_31' title='bbox 1399 588 1629 641; x_wconf 80' lang='lat' dir='ltr'>decedens,</span> <span class='ocrx_word' id='word_1_32' title='bbox 1650 597 1691 629; x_wconf 83' lang='lat' dir='ltr'>et</span> 
     </span>
     <span class='ocr_line' id='line_1_6' title="bbox 327 665 1692 726; baseline -0.002 -15"><span class='ocrx_word' id='word_1_33' title='bbox 327 678 444 711; x_wconf 88' lang='lat' dir='ltr'>metu</span> <span class='ocrx_word' id='word_1_34' title='bbox 464 667 587 723; x_wconf 90' lang='lat' dir='ltr'>belli,</span> <span class='ocrx_word' id='word_1_35' title='bbox 613 677 653 710; x_wconf 87' lang='lat' dir='ltr'>et</span> <span class='ocrx_word' id='word_1_36' title='bbox 680 666 939 709; x_wconf 77' lang='lat' dir='ltr'>auxiliorum</span> <span class='ocrx_word' id='word_1_37' title='bbox 959 668 1215 709; x_wconf 85' lang='lat' dir='ltr'>necessitate</span> <span class='ocrx_word' id='word_1_38' title='bbox 1240 666 1421 726; x_wconf 67' lang='lat' dir='ltr'>Scythas</span> <span class='ocrx_word' id='word_1_39' title='bbox 1445 665 1585 708; x_wconf 90' lang='lat' dir='ltr'>solvit.</span> <span class='ocrx_word' id='word_1_40' title='bbox 1610 669 1692 709; x_wconf 88' lang='lat' dir='ltr'>Ita-</span> 
     </span>
     <span class='ocr_line' id='line_1_7' title="bbox 329 743 1692 804; baseline -0.002 -16"><span class='ocrx_word' id='word_1_41' title='bbox 329 763 412 804; x_wconf 85' lang='lat' dir='ltr'>que</span> <span class='ocrx_word' id='word_1_42' title='bbox 439 747 616 801; x_wconf 88' lang='lat' dir='ltr'>Atheas,</span> <span class='ocrx_word' id='word_1_43' title='bbox 646 746 831 788; x_wconf 87' lang='lat' dir='ltr'>remissis</span> <span class='ocrx_word' id='word_1_44' title='bbox 863 745 1197 799; x_wconf 78' lang='lat' dir='ltr'>Macedonibus,</span> <span class='ocrx_word' id='word_1_45' title='bbox 1224 745 1465 787; x_wconf 88' lang='lat' dir='ltr'>renuntiari</span> <span class='ocrx_word' id='word_1_46' title='bbox 1490 743 1692 803; x_wconf 86' lang='lat' dir='ltr'>Philippo</span> 
     </span>
     <span class='ocr_line' id='line_1_8' title="bbox 324 822 1694 884; baseline -0.002 -17"><span class='ocrx_word' id='word_1_47' title='bbox 324 825 471 884; x_wconf 87' lang='lat' dir='ltr'>jubet,</span> <span class='ocrx_word' id='word_1_48' title='bbox 499 844 516 863; x_wconf 70' lang='lat' dir='ltr'>a</span> <span class='ocrx_word' id='word_1_49' title='bbox 534 825 685 883; x_wconf 84' lang='lat' dir='ltr'>Neque</span> <span class='ocrx_word' id='word_1_50' title='bbox 712 824 919 867; x_wconf 82' lang='lat' dir='ltr'>auxilium</span> <span class='ocrx_word' id='word_1_51' title='bbox 943 825 1034 882; x_wconf 86' lang='lat' dir='ltr'>ejus</span> <span class='ocrx_word' id='word_1_52' title='bbox 1060 840 1102 866; x_wconf 92' lang='lat' dir='ltr'>se</span> <span class='ocrx_word' id='word_1_53' title='bbox 1128 825 1303 883; x_wconf 82' lang='lat' dir='ltr'>petisse,</span> <span class='ocrx_word' id='word_1_54' title='bbox 1332 839 1472 882; x_wconf 89' lang='lat' dir='ltr'>neque</span> <span class='ocrx_word' id='word_1_55' title='bbox 1497 822 1694 882; x_wconf 85' lang='lat' dir='ltr'>adoptio-</span> 
     </span>
     <span class='ocr_line' id='line_1_9' title="bbox 326 901 1694 961; baseline -0.002 -16"><span class='ocrx_word' id='word_1_56' title='bbox 326 920 427 945; x_wconf 89' lang='lat' dir='ltr'>nem</span> <span class='ocrx_word' id='word_1_57' title='bbox 458 903 695 945; x_wconf 85' lang='lat' dir='ltr'>mandasse.</span> <span class='ocrx_word' id='word_1_58' title='bbox 726 904 840 945; x_wconf 80' lang='lat' dir='ltr'>Nam</span> <span class='ocrx_word' id='word_1_59' title='bbox 871 918 1009 961; x_wconf 90' lang='lat' dir='ltr'>neque</span> <span class='ocrx_word' id='word_1_60' title='bbox 1038 902 1228 945; x_wconf 78' lang='lat' dir='ltr'>vindicta</span> <span class='ocrx_word' id='word_1_61' title='bbox 1254 901 1545 944; x_wconf 87' lang='lat' dir='ltr'>Macedonum</span> <span class='ocrx_word' id='word_1_62' title='bbox 1568 917 1694 960; x_wconf 85' lang='lat' dir='ltr'>egere</span> 
     </span>
     <span class='ocr_line' id='line_1_10' title="bbox 327 979 1696 1040; baseline -0.001 -17"><span class='ocrx_word' id='word_1_63' title='bbox 327 981 526 1040; x_wconf 78' lang='lat' dir='ltr'>Scythas,</span> <span class='ocrx_word' id='word_1_64' title='bbox 547 981 702 1039; x_wconf 89' lang='lat' dir='ltr'>quibus</span> <span class='ocrx_word' id='word_1_65' title='bbox 726 979 926 1022; x_wconf 90' lang='lat' dir='ltr'>meliores</span> <span class='ocrx_word' id='word_1_66' title='bbox 943 980 1104 1034; x_wconf 75' lang='lat' dir='ltr'>forent,</span> <span class='ocrx_word' id='word_1_67' title='bbox 1129 997 1269 1038; x_wconf 90' lang='lat' dir='ltr'>neque</span> <span class='ocrx_word' id='word_1_68' title='bbox 1290 980 1493 1023; x_wconf 88' lang='lat' dir='ltr'>heredem</span> <span class='ocrx_word' id='word_1_69' title='bbox 1511 980 1610 1034; x_wconf 88' lang='lat' dir='ltr'>sibi,</span> <span class='ocrx_word' id='word_1_70' title='bbox 1631 981 1696 1021; x_wconf 90' lang='lat' dir='ltr'>in-</span> 
     </span>
     <span class='ocr_line' id='line_1_11' title="bbox 328 1057 1696 1117; baseline -0.001 -15"><span class='ocrx_word' id='word_1_71' title='bbox 328 1059 487 1102; x_wconf 85' lang='lat' dir='ltr'>columi</span> <span class='ocrx_word' id='word_1_72' title='bbox 515 1058 621 1113; x_wconf 85' lang='lat' dir='ltr'>filio,</span> <span class='ocrx_word' id='word_1_73' title='bbox 656 1059 851 1101; x_wconf 83' lang='lat' dir='ltr'>deesse.»</span> <span class='ocrx_word' id='word_1_74' title='bbox 874 1059 952 1101; x_wconf 86' lang='lat' dir='ltr'>His</span> <span class='ocrx_word' id='word_1_75' title='bbox 985 1058 1160 1112; x_wconf 87' lang='lat' dir='ltr'>auditis,</span> <span class='ocrx_word' id='word_1_76' title='bbox 1189 1057 1417 1117; x_wconf 81' lang='lat' dir='ltr'>Philippus</span> <span class='ocrx_word' id='word_1_77' title='bbox 1452 1058 1613 1117; x_wconf 85' lang='lat' dir='ltr'>legatos</span> <span class='ocrx_word' id='word_1_78' title='bbox 1643 1058 1696 1100; x_wconf 84' lang='lat' dir='ltr'>ad</span> 
     </span>
     <span class='ocr_line' id='line_1_12' title="bbox 330 1137 1696 1197; baseline -0.001 -17"><span class='ocrx_word' id='word_1_79' title='bbox 330 1138 516 1180; x_wconf 87' lang='lat' dir='ltr'>Atheam</span> <span class='ocrx_word' id='word_1_80' title='bbox 542 1138 697 1192; x_wconf 90' lang='lat' dir='ltr'>mittit,</span> <span class='ocrx_word' id='word_1_81' title='bbox 725 1156 743 1177; x_wconf 83' lang='lat'>«</span> <span class='ocrx_word' id='word_1_82' title='bbox 762 1141 974 1197; x_wconf 85' lang='lat' dir='ltr'>Impensae</span> <span class='ocrx_word' id='word_1_83' title='bbox 999 1137 1235 1180; x_wconf 86' lang='lat' dir='ltr'>obsidionis</span> <span class='ocrx_word' id='word_1_84' title='bbox 1265 1138 1511 1196; x_wconf 87' lang='lat' dir='ltr'>portionem</span> <span class='ocrx_word' id='word_1_85' title='bbox 1542 1146 1696 1197; x_wconf 86' lang='lat' dir='ltr'>peten-</span> 
     </span>
     <span class='ocr_line' id='line_1_13' title="bbox 330 1215 1700 1275; baseline -0.001 -16"><span class='ocrx_word' id='word_1_86' title='bbox 330 1227 411 1269; x_wconf 85' lang='lat' dir='ltr'>tes,</span> <span class='ocrx_word' id='word_1_87' title='bbox 437 1233 490 1258; x_wconf 85' lang='lat' dir='ltr'>ne</span> <span class='ocrx_word' id='word_1_88' title='bbox 512 1217 655 1275; x_wconf 89' lang='lat' dir='ltr'>inopia</span> <span class='ocrx_word' id='word_1_89' title='bbox 684 1215 877 1259; x_wconf 89' lang='lat' dir='ltr'>deserere</span> <span class='ocrx_word' id='word_1_90' title='bbox 900 1215 1062 1259; x_wconf 89' lang='lat' dir='ltr'>bellum</span> <span class='ocrx_word' id='word_1_91' title='bbox 1083 1225 1262 1275; x_wconf 79' lang='lat' dir='ltr'>cogatur</span> <span class='ocrx_word' id='word_1_92' title='bbox 1281 1232 1289 1257; x_wconf 90' lang='lat'><strong>:</strong></span> <span class='ocrx_word' id='word_1_93' title='bbox 1309 1215 1427 1274; x_wconf 90' lang='lat' dir='ltr'>quod</span> <span class='ocrx_word' id='word_1_94' title='bbox 1451 1232 1500 1257; x_wconf 89' lang='lat' dir='ltr'>eo</span> <span class='ocrx_word' id='word_1_95' title='bbox 1526 1231 1700 1274; x_wconf 87' lang='lat' dir='ltr'>promp-</span> 
     </span>
     <span class='ocr_line' id='line_1_14' title="bbox 330 1292 1698 1353; baseline -0.001 -16"><span class='ocrx_word' id='word_1_96' title='bbox 330 1296 413 1337; x_wconf 84' lang='lat' dir='ltr'>tius</span> <span class='ocrx_word' id='word_1_97' title='bbox 450 1311 548 1337; x_wconf 92' lang='lat' dir='ltr'>eum</span> <span class='ocrx_word' id='word_1_98' title='bbox 588 1295 728 1338; x_wconf 90' lang='lat' dir='ltr'>facere</span> <span class='ocrx_word' id='word_1_99' title='bbox 767 1295 945 1349; x_wconf 89' lang='lat' dir='ltr'>debere,</span> <span class='ocrx_word' id='word_1_100' title='bbox 978 1295 1095 1353; x_wconf 87' lang='lat' dir='ltr'>quod</span> <span class='ocrx_word' id='word_1_101' title='bbox 1123 1296 1262 1337; x_wconf 91' lang='lat' dir='ltr'>missis</span> <span class='ocrx_word' id='word_1_102' title='bbox 1286 1311 1309 1336; x_wconf 86' lang='lat' dir='ltr'>a</span> <span class='ocrx_word' id='word_1_103' title='bbox 1343 1311 1385 1336; x_wconf 93' lang='lat' dir='ltr'>se</span> <span class='ocrx_word' id='word_1_104' title='bbox 1417 1295 1460 1336; x_wconf 92' lang='lat' dir='ltr'>in</span> <span class='ocrx_word' id='word_1_105' title='bbox 1491 1292 1698 1336; x_wconf 84' lang='lat' dir='ltr'>auxilium</span> 
     </span>
     <span class='ocr_line' id='line_1_15' title="bbox 331 1372 1747 1434; baseline 0.001 -18"><span class='ocrx_word' id='word_1_106' title='bbox 331 1375 421 1433; x_wconf 84' lang='lat' dir='ltr'>ejus</span> <span class='ocrx_word' id='word_1_107' title='bbox 449 1374 660 1417; x_wconf 89' lang='lat' dir='ltr'>militibus</span> <span class='ocrx_word' id='word_1_108' title='bbox 678 1391 731 1417; x_wconf 91' lang='lat' dir='ltr'>ne</span> <span class='ocrx_word' id='word_1_109' title='bbox 753 1385 976 1434; x_wconf 89' lang='lat' dir='ltr'>sumptum</span> <span class='ocrx_word' id='word_1_110' title='bbox 1001 1374 1176 1433; x_wconf 88' lang='lat' dir='ltr'>quidem</span> <span class='ocrx_word' id='word_1_111' title='bbox 1199 1376 1315 1428; x_wconf 76' lang='lat' dir='ltr'>vitae,</span> <span class='ocrx_word' id='word_1_112' title='bbox 1341 1390 1428 1416; x_wconf 88' lang='lat' dir='ltr'>non</span> <span class='ocrx_word' id='word_1_113' title='bbox 1453 1373 1584 1416; x_wconf 89' lang='lat' dir='ltr'>modo</span> <span class='ocrx_word' id='word_1_114' title='bbox 1609 1372 1701 1415; x_wconf 86' lang='lat' dir='ltr'>offi-</span> <span class='ocrx_word' id='word_1_115' title='bbox 1744 1415 1747 1417; x_wconf 74' lang='grc'><strong>,</strong></span> 
     </span>
     <span class='ocr_line' id='line_1_16' title="bbox 333 1452 1700 1512; baseline 0 -17"><span class='ocrx_word' id='word_1_116' title='bbox 333 1454 385 1495; x_wconf 83' lang='lat' dir='ltr'>cii</span> <span class='ocrx_word' id='word_1_117' title='bbox 411 1454 549 1512; x_wconf 87' lang='lat' dir='ltr'>pretia</span> <span class='ocrx_word' id='word_1_118' title='bbox 573 1453 752 1496; x_wconf 83' lang='lat' dir='ltr'>dederit.</span> <span class='ocrx_word' id='word_1_119' title='bbox 775 1473 794 1494; x_wconf 69' lang='lat'>&gt;³</span> <span class='ocrx_word' id='word_1_120' title='bbox 821 1454 1008 1508; x_wconf 85' lang='lat' dir='ltr'>Atheas,</span> <span class='ocrx_word' id='word_1_121' title='bbox 1040 1452 1361 1496; x_wconf 85' lang='lat' dir='ltr'>inclementiam</span> <span class='ocrx_word' id='word_1_122' title='bbox 1388 1452 1482 1495; x_wconf 86' lang='lat' dir='ltr'>coeli</span> <span class='ocrx_word' id='word_1_123' title='bbox 1507 1463 1549 1495; x_wconf 87' lang='lat' dir='ltr'>et</span> <span class='ocrx_word' id='word_1_124' title='bbox 1578 1462 1700 1495; x_wconf 81' lang='lat' dir='ltr'>terrae</span> 
     </span>
     <span class='ocr_line' id='line_1_17' title="bbox 334 1531 1699 1592; baseline 0 -18"><span class='ocrx_word' id='word_1_125' title='bbox 334 1531 606 1575; x_wconf 87' lang='lat' dir='ltr'>sterilitatem</span> <span class='ocrx_word' id='word_1_126' title='bbox 624 1542 822 1576; x_wconf 83' lang='lat' dir='ltr'>causatus</span> <span class='ocrx_word' id='word_1_127' title='bbox 838 1567 848 1587; x_wconf 92' lang='lat'>,</span> <span class='ocrx_word' id='word_1_128' title='bbox 867 1549 960 1591; x_wconf 85' lang='lat' dir='ltr'>quae</span> <span class='ocrx_word' id='word_1_129' title='bbox 983 1549 1070 1575; x_wconf 90' lang='lat' dir='ltr'>non</span> <span class='ocrx_word' id='word_1_130' title='bbox 1088 1533 1362 1592; x_wconf 89' lang='lat' dir='ltr'>patrimoniis</span> <span class='ocrx_word' id='word_1_131' title='bbox 1379 1532 1486 1574; x_wconf 89' lang='lat' dir='ltr'>ditet</span> <span class='ocrx_word' id='word_1_132' title='bbox 1501 1532 1699 1591; x_wconf 78' lang='lat' dir='ltr'>Scythas,</span> 
     </span>
     <span class='ocr_line' id='line_1_18' title="bbox 334 1609 1701 1670; baseline -0.001 -17"><span class='ocrx_word' id='word_1_133' title='bbox 334 1610 407 1653; x_wconf 87' lang='lat' dir='ltr'>sed</span> <span class='ocrx_word' id='word_1_134' title='bbox 430 1611 501 1652; x_wconf 68' lang='lat' dir='ltr'>vix</span> <span class='ocrx_word' id='word_1_135' title='bbox 525 1610 728 1654; x_wconf 85' lang='lat' dir='ltr'>alimenta</span> <span class='ocrx_word' id='word_1_136' title='bbox 751 1612 975 1665; x_wconf 77' lang='lat' dir='ltr'>exhibeat,</span> <span class='ocrx_word' id='word_1_137' title='bbox 1006 1610 1231 1670; x_wconf 89' lang='lat' dir='ltr'>respondit</span> <span class='ocrx_word' id='word_1_138' title='bbox 1255 1628 1262 1652; x_wconf 93' lang='lat'><strong>:</strong></span> <span class='ocrx_word' id='word_1_139' title='bbox 1287 1609 1477 1653; x_wconf 77' lang='lat' dir='ltr'>«Nullas</span> <span class='ocrx_word' id='word_1_140' title='bbox 1501 1611 1582 1653; x_wconf 88' lang='lat' dir='ltr'>sibi</span> <span class='ocrx_word' id='word_1_141' title='bbox 1600 1627 1701 1670; x_wconf 89' lang='lat' dir='ltr'>opes</span> 
     </span>
     <span class='ocr_line' id='line_1_19' title="bbox 335 1689 1704 1750; baseline 0 -18"><span class='ocrx_word' id='word_1_142' title='bbox 335 1706 445 1743; x_wconf 87' lang='lat' dir='ltr'>esse,</span> <span class='ocrx_word' id='word_1_143' title='bbox 481 1690 638 1749; x_wconf 90' lang='lat' dir='ltr'>quibus</span> <span class='ocrx_word' id='word_1_144' title='bbox 672 1700 841 1733; x_wconf 88' lang='lat' dir='ltr'>tantum</span> <span class='ocrx_word' id='word_1_145' title='bbox 870 1707 1016 1750; x_wconf 89' lang='lat' dir='ltr'>regem</span> <span class='ocrx_word' id='word_1_146' title='bbox 1045 1689 1238 1749; x_wconf 75' lang='lat' dir='ltr'>expleat3</span> <span class='ocrx_word' id='word_1_147' title='bbox 1269 1699 1311 1732; x_wconf 89' lang='lat' dir='ltr'>et</span> <span class='ocrx_word' id='word_1_148' title='bbox 1342 1691 1511 1749; x_wconf 91' lang='lat' dir='ltr'>turpius</span> <span class='ocrx_word' id='word_1_149' title='bbox 1543 1700 1704 1749; x_wconf 87' lang='lat' dir='ltr'>putare</span> 
     </span>
     <span class='ocr_line' id='line_1_20' title="bbox 335 1768 1704 1829; baseline 0 -17"><span class='ocrx_word' id='word_1_150' title='bbox 335 1786 468 1828; x_wconf 69' lang='lat' dir='ltr'>parvo</span> <span class='ocrx_word' id='word_1_151' title='bbox 493 1768 685 1829; x_wconf 81' lang='lat' dir='ltr'>defungi,</span> <span class='ocrx_word' id='word_1_152' title='bbox 706 1786 835 1828; x_wconf 91' lang='lat' dir='ltr'>quam</span> <span class='ocrx_word' id='word_1_153' title='bbox 861 1779 1002 1812; x_wconf 91' lang='lat' dir='ltr'>totum</span> <span class='ocrx_word' id='word_1_154' title='bbox 1025 1770 1238 1812; x_wconf 89' lang='lat' dir='ltr'>abnuere:</span> <span class='ocrx_word' id='word_1_155' title='bbox 1259 1769 1439 1828; x_wconf 71' lang='lat' dir='ltr'>Scythas</span> <span class='ocrx_word' id='word_1_156' title='bbox 1460 1779 1605 1812; x_wconf 83' lang='lat' dir='ltr'>autem</span> <span class='ocrx_word' id='word_1_157' title='bbox 1619 1770 1704 1812; x_wconf 85' lang='lat' dir='ltr'>vir-</span> 
     </span>
     <span class='ocr_line' id='line_1_21' title="bbox 337 1847 1706 1907; baseline 0 -17"><span class='ocrx_word' id='word_1_158' title='bbox 337 1858 429 1890; x_wconf 91' lang='lat' dir='ltr'>tute</span> <span class='ocrx_word' id='word_1_159' title='bbox 453 1849 586 1890; x_wconf 88' lang='lat' dir='ltr'>animi</span> <span class='ocrx_word' id='word_1_160' title='bbox 611 1857 651 1890; x_wconf 87' lang='lat' dir='ltr'>et</span> <span class='ocrx_word' id='word_1_161' title='bbox 676 1847 834 1890; x_wconf 90' lang='lat' dir='ltr'>duritia</span> <span class='ocrx_word' id='word_1_162' title='bbox 853 1849 1068 1907; x_wconf 87' lang='lat' dir='ltr'>corporis,</span> <span class='ocrx_word' id='word_1_163' title='bbox 1088 1865 1175 1891; x_wconf 89' lang='lat' dir='ltr'>non</span> <span class='ocrx_word' id='word_1_164' title='bbox 1197 1848 1352 1907; x_wconf 92' lang='lat' dir='ltr'>opibus</span> <span class='ocrx_word' id='word_1_165' title='bbox 1367 1849 1544 1891; x_wconf 89' lang='lat' dir='ltr'>censeri.</span> <span class='ocrx_word' id='word_1_166' title='bbox 1562 1868 1582 1889; x_wconf 82' lang='lat'>»</span> <span class='ocrx_word' id='word_1_167' title='bbox 1598 1848 1706 1904; x_wconf 84' lang='lat' dir='ltr'>Qui-</span> 
     </span>
     <span class='ocr_line' id='line_1_22' title="bbox 336 1926 1703 1986; baseline 0.001 -18"><span class='ocrx_word' id='word_1_168' title='bbox 336 1927 416 1969; x_wconf 86' lang='lat' dir='ltr'>bus</span> <span class='ocrx_word' id='word_1_169' title='bbox 453 1926 619 1969; x_wconf 89' lang='lat' dir='ltr'>derisus</span> <span class='ocrx_word' id='word_1_170' title='bbox 659 1926 905 1986; x_wconf 89' lang='lat' dir='ltr'>Philippus,</span> <span class='ocrx_word' id='word_1_171' title='bbox 944 1926 1085 1969; x_wconf 84' lang='lat' dir='ltr'>soluta</span> <span class='ocrx_word' id='word_1_172' title='bbox 1119 1926 1342 1969; x_wconf 88' lang='lat' dir='ltr'>obsidione</span> <span class='ocrx_word' id='word_1_173' title='bbox 1369 1928 1582 1986; x_wconf 83' lang='lat' dir='ltr'>Byzantii,</span> <span class='ocrx_word' id='word_1_174' title='bbox 1614 1944 1703 1986; x_wconf 78' lang='lat' dir='ltr'>scy-</span> 
     </span>
     <span class='ocr_line' id='line_1_23' title="bbox 340 2004 1706 2065; baseline 0 -17"><span class='ocrx_word' id='word_1_175' title='bbox 340 2007 455 2048; x_wconf 86' lang='lat' dir='ltr'>thica</span> <span class='ocrx_word' id='word_1_176' title='bbox 473 2004 586 2048; x_wconf 87' lang='lat' dir='ltr'>bella</span> <span class='ocrx_word' id='word_1_177' title='bbox 608 2005 860 2065; x_wconf 84' lang='lat' dir='ltr'>aggreditur</span> <span class='ocrx_word' id='word_1_178' title='bbox 876 2039 886 2059; x_wconf 86' lang='lat'>,</span> <span class='ocrx_word' id='word_1_179' title='bbox 908 2007 1137 2065; x_wconf 86' lang='lat' dir='ltr'>praemissis</span> <span class='ocrx_word' id='word_1_180' title='bbox 1161 2005 1330 2065; x_wconf 85' lang='lat' dir='ltr'>legatis,</span> <span class='ocrx_word' id='word_1_181' title='bbox 1360 2022 1446 2064; x_wconf 90' lang='lat' dir='ltr'>quo</span> <span class='ocrx_word' id='word_1_182' title='bbox 1470 2007 1706 2048; x_wconf 89' lang='lat' dir='ltr'>securiores</span> 
     </span>
     <span class='ocr_line' id='line_1_24' title="bbox 339 2085 1706 2145; baseline 0 -18"><span class='ocrx_word' id='word_1_183' title='bbox 339 2085 518 2140; x_wconf 85' lang='lat' dir='ltr'>faceret,</span> <span class='ocrx_word' id='word_1_184' title='bbox 546 2085 618 2144; x_wconf 91' lang='lat' dir='ltr'>qui</span> <span class='ocrx_word' id='word_1_185' title='bbox 645 2085 847 2127; x_wconf 89' lang='lat' dir='ltr'>nuntient</span> <span class='ocrx_word' id='word_1_186' title='bbox 870 2085 1038 2138; x_wconf 84' lang='lat' dir='ltr'>Atheae‚</span> <span class='ocrx_word' id='word_1_187' title='bbox 1065 2086 1216 2128; x_wconf 81' lang='lat' dir='ltr'>«Dum</span> <span class='ocrx_word' id='word_1_188' title='bbox 1243 2086 1496 2145; x_wconf 74' lang='lat' dir='ltr'>Byzantium</span> <span class='ocrx_word' id='word_1_189' title='bbox 1522 2085 1706 2138; x_wconf 77' lang='lat' dir='ltr'>obsidet,</span> 
     </span>
     <span class='ocr_line' id='line_1_25' title="bbox 341 2164 1706 2224; baseline 0.001 -18"><span class='ocrx_word' id='word_1_190' title='bbox 341 2168 505 2207; x_wconf 79' lang='lat' dir='ltr'>vovisse</span> <span class='ocrx_word' id='word_1_191' title='bbox 534 2181 577 2206; x_wconf 89' lang='lat' dir='ltr'>se</span> <span class='ocrx_word' id='word_1_192' title='bbox 607 2173 792 2207; x_wconf 87' lang='lat' dir='ltr'>statuam</span> <span class='ocrx_word' id='word_1_193' title='bbox 818 2164 1022 2219; x_wconf 86' lang='lat' dir='ltr'>Herculi,</span> <span class='ocrx_word' id='word_1_194' title='bbox 1051 2164 1105 2206; x_wconf 88' lang='lat' dir='ltr'>ad</span> <span class='ocrx_word' id='word_1_195' title='bbox 1134 2181 1263 2223; x_wconf 89' lang='lat' dir='ltr'>quam</span> <span class='ocrx_word' id='word_1_196' title='bbox 1293 2166 1336 2206; x_wconf 91' lang='lat' dir='ltr'>in</span> <span class='ocrx_word' id='word_1_197' title='bbox 1366 2166 1476 2207; x_wconf 90' lang='lat' dir='ltr'>ostio</span> <span class='ocrx_word' id='word_1_198' title='bbox 1502 2166 1602 2208; x_wconf 90' lang='lat' dir='ltr'>Istri</span> <span class='ocrx_word' id='word_1_199' title='bbox 1629 2181 1706 2224; x_wconf 91' lang='lat' dir='ltr'>po-</span> 
     </span>
     <span class='ocr_line' id='line_1_26' title="bbox 343 2243 1706 2303; baseline 0.001 -18"><span class='ocrx_word' id='word_1_200' title='bbox 343 2243 530 2286; x_wconf 89' lang='lat' dir='ltr'>nendam</span> <span class='ocrx_word' id='word_1_201' title='bbox 557 2259 600 2286; x_wconf 92' lang='lat' dir='ltr'>se</span> <span class='ocrx_word' id='word_1_202' title='bbox 615 2244 788 2298; x_wconf 76' lang='lat' dir='ltr'>venire,</span> <span class='ocrx_word' id='word_1_203' title='bbox 809 2253 1013 2302; x_wconf 86' lang='lat' dir='ltr'>pacatum</span> <span class='ocrx_word' id='word_1_204' title='bbox 1038 2259 1258 2286; x_wconf 86' lang='lat' dir='ltr'>accessum</span> <span class='ocrx_word' id='word_1_205' title='bbox 1286 2244 1340 2286; x_wconf 87' lang='lat' dir='ltr'>ad</span> <span class='ocrx_word' id='word_1_206' title='bbox 1364 2243 1617 2303; x_wconf 85' lang='lat' dir='ltr'>religionem</span> <span class='ocrx_word' id='word_1_207' title='bbox 1638 2243 1706 2286; x_wconf 88' lang='lat' dir='ltr'>dei</span> 
     </span>
     <span class='ocr_line' id='line_1_27' title="bbox 343 2322 1709 2381; baseline 0.001 -17"><span class='ocrx_word' id='word_1_208' title='bbox 343 2332 519 2381; x_wconf 86' lang='lat' dir='ltr'>petens,</span> <span class='ocrx_word' id='word_1_209' title='bbox 553 2323 717 2365; x_wconf 89' lang='lat' dir='ltr'>amicus</span> <span class='ocrx_word' id='word_1_210' title='bbox 755 2322 845 2381; x_wconf 91' lang='lat' dir='ltr'>ipse</span> <span class='ocrx_word' id='word_1_211' title='bbox 880 2322 1049 2381; x_wconf 69' lang='lat' dir='ltr'>Scythis</span> <span class='ocrx_word' id='word_1_212' title='bbox 1083 2332 1340 2365; x_wconf 75' lang='lat' dir='ltr'>venturus.»</span> <span class='ocrx_word' id='word_1_213' title='bbox 1372 2322 1470 2376; x_wconf 87' lang='lat' dir='ltr'>Ille,</span> <span class='ocrx_word' id='word_1_214' title='bbox 1497 2343 1516 2362; x_wconf 86' lang='lat'>«</span> <span class='ocrx_word' id='word_1_215' title='bbox 1535 2324 1579 2365; x_wconf 91' lang='lat' dir='ltr'>Si</span> <span class='ocrx_word' id='word_1_216' title='bbox 1607 2332 1709 2365; x_wconf 77' lang='lat' dir='ltr'>voto</span> 
     </span>
     <span class='ocr_line' id='line_1_28' title="bbox 344 2400 1710 2460; baseline 0.001 -18"><span class='ocrx_word' id='word_1_217' title='bbox 344 2400 467 2460; x_wconf 87' lang='lat' dir='ltr'>fungi</span> <span class='ocrx_word' id='word_1_218' title='bbox 494 2400 643 2455; x_wconf 74' lang='lat' dir='ltr'>vellet,</span> <span class='ocrx_word' id='word_1_219' title='bbox 672 2410 857 2444; x_wconf 89' lang='lat' dir='ltr'>statuam</span> <span class='ocrx_word' id='word_1_220' title='bbox 886 2401 965 2443; x_wconf 91' lang='lat' dir='ltr'>sibi</span> <span class='ocrx_word' id='word_1_221' title='bbox 989 2402 1138 2443; x_wconf 82' lang='lat' dir='ltr'>mitti»</span> <span class='ocrx_word' id='word_1_222' title='bbox 1160 2401 1308 2460; x_wconf 85' lang='lat' dir='ltr'>jubet:</span> <span class='ocrx_word' id='word_1_223' title='bbox 1336 2402 1469 2444; x_wconf 80' lang='lat' dir='ltr'>«Non</span> <span class='ocrx_word' id='word_1_224' title='bbox 1487 2401 1638 2456; x_wconf 89' lang='lat' dir='ltr'>modo,</span> <span class='ocrx_word' id='word_1_225' title='bbox 1662 2411 1710 2443; x_wconf 81' lang='lat' dir='ltr'>ut</span> 
     </span>
     <span class='ocr_line' id='line_1_29' title="bbox 347 2479 1707 2540; baseline -0.001 -17"><span class='ocrx_word' id='word_1_226' title='bbox 347 2490 552 2539; x_wconf 87' lang='lat' dir='ltr'>ponatur,</span> <span class='ocrx_word' id='word_1_227' title='bbox 574 2496 725 2523; x_wconf 82' lang='lat' dir='ltr'>verum</span> <span class='ocrx_word' id='word_1_228' title='bbox 749 2481 901 2533; x_wconf 85' lang='lat' dir='ltr'>etiam,</span> <span class='ocrx_word' id='word_1_229' title='bbox 926 2490 974 2522; x_wconf 91' lang='lat' dir='ltr'>ut</span> <span class='ocrx_word' id='word_1_230' title='bbox 992 2479 1198 2522; x_wconf 79' lang='lat' dir='ltr'>inviolata</span> <span class='ocrx_word' id='word_1_231' title='bbox 1214 2491 1404 2535; x_wconf 85' lang='lat' dir='ltr'>maneat,</span> <span class='ocrx_word' id='word_1_232' title='bbox 1424 2500 1443 2520; x_wconf 63' lang='lat'>&gt;³</span> <span class='ocrx_word' id='word_1_233' title='bbox 1458 2480 1707 2540; x_wconf 89' lang='lat' dir='ltr'>pollicetur:</span> 
     </span>
     <span class='ocr_line' id='line_1_30' title="bbox 346 2557 1709 2618; baseline -0.001 -16"><span class='ocrx_word' id='word_1_234' title='bbox 346 2560 633 2602; x_wconf 74' lang='lat' dir='ltr'>«Exercitum</span> <span class='ocrx_word' id='word_1_235' title='bbox 653 2568 798 2601; x_wconf 89' lang='lat' dir='ltr'>autem</span> <span class='ocrx_word' id='word_1_236' title='bbox 819 2557 924 2600; x_wconf 85' lang='lat' dir='ltr'>fines</span> <span class='ocrx_word' id='word_1_237' title='bbox 945 2558 1138 2617; x_wconf 85' lang='lat' dir='ltr'>ingredi,</span> <span class='ocrx_word' id='word_1_238' title='bbox 1160 2569 1289 2618; x_wconf 84' lang='lat' dir='ltr'>negat</span> <span class='ocrx_word' id='word_1_239' title='bbox 1305 2575 1348 2602; x_wconf 86' lang='lat' dir='ltr'>se</span> <span class='ocrx_word' id='word_1_240' title='bbox 1366 2576 1607 2618; x_wconf 89' lang='lat' dir='ltr'>passurum.</span> <span class='ocrx_word' id='word_1_241' title='bbox 1625 2562 1709 2612; x_wconf 75' lang='lat' dir='ltr'>Ac,</span> 
     </span>
    </p>
   </div>
   <div class='ocr_carea' id='block_1_3' title="bbox 350 2636 1710 2697">
    <p class='ocr_par' dir='ltr' id='par_1_3' title="bbox 350 2636 1710 2697">
     <span class='ocr_line' id='line_1_31' title="bbox 350 2636 1710 2697; baseline 0 -17"><span class='ocrx_word' id='word_1_242' title='bbox 350 2640 382 2680; x_wconf 76' lang='lat' dir='ltr'>si</span> <span class='ocrx_word' id='word_1_243' title='bbox 413 2638 557 2680; x_wconf 87' lang='lat' dir='ltr'>invitis</span> <span class='ocrx_word' id='word_1_244' title='bbox 591 2637 760 2696; x_wconf 72' lang='lat' dir='ltr'>Scythis</span> <span class='ocrx_word' id='word_1_245' title='bbox 791 2646 975 2679; x_wconf 80' lang='lat' dir='ltr'>statuam</span> <span class='ocrx_word' id='word_1_246' title='bbox 1008 2647 1160 2696; x_wconf 89' lang='lat' dir='ltr'>ponat,</span> <span class='ocrx_word' id='word_1_247' title='bbox 1189 2654 1239 2679; x_wconf 80' lang='lat' dir='ltr'>eo</span> <span class='ocrx_word' id='word_1_248' title='bbox 1269 2638 1482 2697; x_wconf 84' lang='lat' dir='ltr'>digresso,</span> <span class='ocrx_word' id='word_1_249' title='bbox 1515 2636 1710 2680; x_wconf 88' lang='lat' dir='ltr'>sublatu-</span> 
     </span>
    </p>
   </div>
  </div>
 </body>
</html>
