1783 3282
341 301 387 342 64
928 296 1114 331 JUSTINI

340 403 360 423 «
374 379 703 441 Opulentissimi
729 380 840 440 regis
870 378 983 422 bella
1006 378 1150 437 inopia
1176 376 1329 431 dilabi3
1355 387 1416 432 et,
1443 376 1517 436 qui
1546 375 1704 419 exerci-

342 472 435 504 tum
460 475 608 519 parem
628 458 825 501 hostibus
844 458 1021 511 habeat,
1044 456 1230 515 pecunia
1247 456 1381 510 vinci,
1403 471 1488 514 qua
1512 463 1706 514 praestet;

342 539 676 597 inferioremque
704 553 803 580 eum
826 553 875 579 ea
901 545 1024 595 parte
1053 533 1211 576 virium
1240 534 1445 589 inveniri,
1470 550 1556 593 qua
1580 532 1706 593 longe

341 618 536 678 superior
560 617 662 660 sit.»
685 614 905 669 Postulat,
935 633 956 653 ι(
971 613 1079 656 Dari
1103 612 1183 655 sibi
1206 612 1454 655 ministrum
1478 613 1706 672 impemae,

341 698 442 756 quia
463 695 661 756 pluribus
683 693 727 737 id
746 692 951 736 mandare
975 691 1267 751 perniciosum
1285 691 1351 733 sit.
1366 709 1386 730 „
1406 692 1522 733 Dato
1546 692 1707 750 stipen-

342 776 433 830 dio,
462 774 516 817 ad
549 772 729 816 classem
762 771 1023 824 remittitur;
1060 785 1140 812 nec
1173 784 1340 812 moram
1374 768 1550 829 agendis
1577 770 1707 813 rebus

341 853 443 897 facit
462 870 470 896 :
492 851 630 896 multa
653 851 843 905 fortiter,
863 848 1002 892 multa
1025 847 1210 891 feliciter
1236 847 1326 907 agit
1348 864 1356 889 :
1382 863 1508 907 agros
1528 847 1707 892 hostiles

342 942 480 976 vastat
504 949 512 973 :
537 931 666 974 urbes
695 937 914 988 expugnat
944 944 951 970 :
976 937 1043 983 et,
1067 927 1190 986 quasi
1223 936 1456 986 tempestas
1484 927 1705 986 quaedam,

343 1020 500 1054 cuncta
520 1008 768 1069 prosternit.
793 1006 966 1063 Quibus
988 1006 1118 1048 rebus
1139 1005 1281 1048 territi
1300 1005 1638 1061 Lacedaemonii,
1653 1005 1707 1049 ad

342 1089 489 1149 patriae
516 1085 755 1131 subsidium
783 1084 1077 1128 revocandum
1096 1083 1149 1126 ab
1169 1083 1272 1127 Asia
1290 1082 1540 1142 Agesilaum
1561 1083 1708 1128 decer-

342 1177 464 1211 nunt.

403 1248 481 1290 ΙΠ.
511 1245 694 1288 Interim
722 1243 975 1299 Pisandrus,
999 1244 1051 1286 ab
1073 1242 1273 1303 Agesilao
1298 1242 1600 1302 proficiscente
1620 1242 1708 1285 dux

341 1323 489 1385 patriae
523 1322 719 1378 relictus,
756 1323 975 1382 ingentem
1013 1321 1193 1365 classem
1228 1322 1407 1365 summis
1442 1321 1607 1364 viribus
1645 1322 1707 1363 in-

343 1404 489 1458 struit,
511 1402 730 1445 fortunam
749 1400 850 1444 belli
866 1410 1124 1444 tentaturus.
1139 1401 1230 1443 Nec
1249 1417 1337 1443 non
1353 1410 1395 1442 et
1409 1401 1583 1455 Conon,
1603 1409 1708 1442 tunc
1749 1436 1753 1438 ,

342 1483 531 1542 primum
556 1497 655 1523 cum
678 1480 870 1523 hostium
893 1480 1085 1522 exercitu
1106 1495 1418 1534 concursurus,
1434 1495 1591 1539 magna
1605 1495 1708 1522 cura

342 1560 512 1603 ordinat
534 1576 645 1602 suos,
663 1560 841 1601 Summa
861 1558 994 1617 igitur
1015 1557 1155 1618 (non)
1172 1567 1259 1600 tam
1280 1557 1442 1600 ducum
1464 1559 1508 1599 in
1527 1574 1578 1600 eo
1597 1574 1708 1617 proe-

342 1637 418 1693 lio,
451 1654 582 1697 quam
610 1636 798 1679 militum
827 1635 1044 1679 aemulatio
1067 1636 1160 1678 fuit.
1186 1637 1301 1679 Nam
1324 1646 1367 1678 et
1398 1637 1489 1696 ipse
1512 1636 1599 1678 dux
1625 1637 1710 1680 Co-

343 1734 428 1759 non
451 1733 537 1759 non
562 1725 650 1758 tam
676 1715 837 1771 Persis,
862 1731 993 1774 quam
1016 1715 1166 1774 patriae
1187 1714 1407 1770 studebat,
1428 1724 1472 1757 et
1491 1715 1621 1771 sicut,
1653 1715 1709 1758 af-

342 1795 469 1838 flictis
493 1794 823 1838 Atheniensium
851 1794 1006 1849 rebus,
1032 1803 1187 1836 auctor
1210 1794 1375 1836 amissae
1402 1793 1709 1837 dominationis

342 1873 500 1927 fuerat,
523 1873 583 1916 sic
608 1872 781 1915 volebat
802 1871 916 1915 idem
939 1872 1089 1914 haberi
1106 1871 1303 1927 redditae,
1320 1873 1594 1932 patriamque
1618 1873 1710 1915 vin-

343 1952 478 1994 cendo
519 1951 731 2011 recipere,
769 1967 900 2010 quam
931 1951 1071 1993 victus
1104 1951 1307 1994 amiserat
1333 1967 1342 1993 :
1370 1967 1420 1993 eo
1452 1952 1708 2011 speciosius,

342 2031 459 2090 quod
492 2047 545 2073 ne
574 2031 768 2089 ipsorum
798 2030 973 2089 quidem
997 2030 1348 2086 Atheniensium,
1376 2031 1450 2073 sed
1475 2030 1602 2074 alieni
1629 2032 1708 2074 im-

344 2111 449 2169 perii
464 2111 627 2153 viribus
643 2110 839 2165 dimicet,
859 2119 1131 2169 pugnaturus
1151 2108 1347 2169 periculo
1361 2110 1492 2170 regis,
1514 2112 1709 2154 victurus

346 2190 518 2248 praemio
540 2189 716 2249 patriae3
742 2188 1011 2249 gloriamque
1035 2188 1213 2232 diversis
1232 2189 1417 2245 artibus,
1442 2206 1573 2249 quam
1593 2191 1709 2250 prio-

343 2285 410 2311 res
429 2269 613 2311 civitatis
636 2285 722 2311 suae
746 2268 896 2324 duces,
923 2278 1234 2312 consecuturus
1257 2285 1265 2311 ε
1285 2269 1447 2329 quippe
1472 2268 1592 2325 illos,
1619 2270 1710 2312 vin-

344 2347 480 2389 cendo
496 2349 666 2403 Persas,
690 2348 877 2407 patriam
901 2346 1165 2402 defendisse3
1191 2364 1255 2403 se,
1274 2349 1426 2391 Persas
1443 2349 1629 2391 victores
1648 2348 1706 2391 fa-

344 2425 520 2481 ciendo,
547 2427 852 2470 restituturum
875 2427 1061 2486 patriam
1085 2443 1187 2470 esse.
1212 2428 1350 2470 Porro
1371 2427 1607 2471 Pisandrus
1631 2444 1709 2487 pro

343 2505 649 2564 conjunctione
677 2505 887 2565 Agesilai,
921 2507 1051 2549 etiam
1082 2507 1294 2550 virtutum
1337 2505 1562 2550 aemulator
1591 2517 1708 2559 erat3

343 2584 717 2643 contendebatque
747 2602 799 2627 ne
828 2602 851 2628 a
880 2586 1008 2628 rebus
1039 2587 1168 2646 gestis
1196 2587 1287 2645 ejus
1316 2596 1357 2629 et
1394 2585 1538 2646 gloriae
1568 2585 1710 2645 splen-

344 2662 446 2704 dore
470 2662 725 2710 decederem
750 2681 855 2706 neve
885 2674 949 2707 tot
972 2664 1096 2708 bellis
1119 2682 1167 2708 ac
1195 2664 1350 2708 seculis
1381 2665 1607 2724 quaesitum
1634 2665 1711 2706 im-
