1783 3282
497 236 672 270 HISTOR
680 235 839 268 lARUM
866 236 952 268 LIB.
980 237 1042 268 XI.
1380 235 1447 269 103

92 335 176 361 non
212 335 359 373 esse‚»
392 317 533 376 palam
567 317 886 376 praedicaverat.
925 317 1025 370 Qua
1064 333 1113 359 ex
1149 333 1275 360 causa
1306 316 1450 378 Olym-

91 397 282 456 piadem⁷
324 394 441 438 velut
488 397 626 455 stupri
666 403 955 454 compertam,
996 394 1176 452 repudio
1213 395 1446 439 dimiserat.

91 476 230 535 Igitur
253 473 496 517 Alexander
513 475 692 534 cupiens
716 473 927 532 originem
949 471 1187 514 divinitatis
1209 475 1448 531 acquirere,

90 551 217 596 simul
241 562 285 595 et
306 562 488 595 matrem
517 552 691 595 infamia
713 551 917 605 liberare⁷
942 566 1019 610 per
1036 550 1277 609 praemissos
1301 552 1450 595 subor-

90 641 163 675 nat
189 632 422 684 antistites,
448 631 553 690 quid
579 631 658 673 sibi
694 629 945 689 responderi
980 627 1097 671 velit.
1127 627 1447 687 Ingredientem

90 709 302 769 templum
327 711 472 753 statim
499 710 710 752 antistites
735 718 783 750 ut
804 707 1059 750 Hammonis
1085 705 1223 749 filium
1248 705 1448 749 salutant.

87 788 167 832 Ille
194 789 314 832 laetus
343 789 411 831 dei
441 788 676 846 adoptione
701 787 784 829 hoc
810 803 853 829 se
879 795 1000 845 patre
1024 786 1189 828 censeri
1210 784 1345 844 jubet.
1371 788 1452 828 Ro-

87 877 160 927 gat
180 865 353 920 deinde,
382 885 402 906 «
421 869 490 909 An
514 881 665 908 omnes
688 864 987 907 interfectores
1009 865 1201 923 parentis
1227 863 1291 906 sui
1315 863 1368 905 sit
1395 862 1452 905 ul-

88 945 213 989 tus?>›
237 945 545 1005 respondetur,
570 947 772 988 «Patrem
794 945 885 1003 ejus
908 960 987 987 nec
1007 959 1130 1003 posse
1145 942 1350 997 interfici,
1374 958 1451 985 nec

86 1026 198 1068 mori
225 1026 373 1085 :regis
412 1023 606 1083 Philippi
642 1033 860 1083 peractam
898 1022 1023 1082 plene
1060 1021 1271 1065 ultionem
1307 1038 1450 1064 esse.»

85 1105 275 1148 Tertiam
302 1103 685 1162 interrogationem
711 1102 925 1161 poscenti,
951 1101 1225 1144 «Victoriam
1251 1100 1446 1142 omnium

85 1181 320 1236 bellorum,
359 1182 759 1240 possessionemque
796 1189 1009 1222 terrarum
1039 1178 1188 1233 dari‚›>
1222 1177 1450 1236 responde-

90 1272 172 1305 tur.
189 1261 432 1305 Comitibus
450 1276 623 1319 quoque
642 1260 733 1318 ejus
752 1274 1027 1318 responsum,
1043 1259 1131 1301 «Ut
1153 1256 1442 1301 Alexandrum

85 1357 165 1400 pro
195 1340 302 1396 deo,
331 1356 419 1382 non
446 1355 526 1398 pro
552 1354 672 1398 rege,
698 1336 940 1380 colerent.»
960 1338 1072 1379 Hinc
1099 1335 1159 1378 illi
1187 1345 1313 1378 aucta
1340 1336 1450 1377 inso-

84 1420 238 1475 lentia,
269 1420 493 1478 mirusque
525 1419 670 1461 animo
701 1418 885 1460 increvit
910 1426 1074 1470 tumor,
1098 1424 1297 1474 exempta
1322 1415 1450 1456 comi-

85 1509 197 1555 tate,
223 1515 353 1559 quam
384 1508 426 1541 et
455 1500 712 1542 Graecorum
737 1495 912 1550 litteris,
941 1505 984 1538 et
1007 1493 1298 1538 Macedonum
1336 1494 1451 1535 insti-

85 1579 190 1622 tutis
214 1578 438 1621 didicerat.
454 1579 670 1620 Reversus
694 1575 747 1618 ab
765 1578 1010 1618 Hammone
1030 1573 1333 1617 Alexandriam
1354 1589 1451 1615 con-

85 1656 213 1711 didit,
228 1667 272 1700 et
295 1655 509 1700 coloniam
533 1654 826 1698 Macedonum
854 1663 983 1713 caput
1009 1669 1097 1696 esse
1118 1652 1292 1712 AEgypti
1311 1651 1448 1710 jubet.

146 1737 245 1779 XII.
268 1735 450 1791 Darius,
473 1751 608 1794 quum
635 1733 919 1793 Babyloniam
948 1732 1231 1792 profugisset,
1260 1745 1337 1789 per
1363 1731 1448 1788 epi-

85 1814 213 1857 stolas
229 1813 527 1858 Alexandrum
544 1812 821 1872 deprecatur,
837 1810 1234 1854 «Redimendarum
1253 1809 1332 1852 sibi
1352 1824 1450 1868 cap-

84 1893 271 1935 tivarum
297 1901 555 1952 potestatem
575 1890 725 1946 faciat,
740 1910 760 1931 >³
776 1891 906 1949 inque
921 1905 1015 1932 eam
1040 1905 1131 1931 rem
1154 1904 1354 1947 magnam
1379 1903 1449 1945 pe-

85 1971 258 2013 cuniam
282 1969 524 2030 pollicetur.
542 1969 626 2012 Sed
644 1968 887 2012 Alexander
905 1969 949 2011 in
973 1968 1161 2028 pretium
1180 1967 1448 2025 captivarum

84 2066 268 2110 regnum
292 2066 441 2105 omne,
471 2066 558 2093 non
586 2049 814 2109 pecuniam
833 2048 955 2107 petit.
978 2047 1211 2106 Interjecto
1235 2055 1449 2103 tempore,

84 2127 176 2171 aliae
190 2127 381 2188 epistolae
394 2129 516 2172 Darii
533 2127 782 2172 Alexandro
796 2125 1062 2180 redduntur,
1079 2125 1236 2183 quibus
1250 2122 1347 2166 filiae
1360 2139 1450 2165 ma-

87 2207 340 2250 trimonium
365 2217 408 2250 et
424 2208 545 2267 regni
568 2206 710 2266 portio
733 2204 928 2248 offertur.
955 2204 1038 2247 Sed
1061 2201 1304 2247 Alexander
1331 2203 1450 2244 «Sua

86 2286 164 2328 sibi
180 2285 272 2328 dari
287 2305 306 2326 n
320 2287 564 2346 rescripsit3
588 2286 800 2345 jussitque
819 2283 1059 2344 supplicem
1076 2284 1243 2336 venire,
1265 2291 1307 2324 et
1330 2282 1449 2341 regni

86 2364 267 2408 arbitria
298 2365 451 2407 victori
480 2366 744 2424 permittere.
774 2366 885 2406 Tum
918 2379 992 2422 spe
1019 2363 1136 2422 pacis
1161 2361 1338 2416 amissa,
1366 2358 1451 2402 bel-

86 2443 176 2487 lum
211 2443 371 2486 Darius
397 2452 570 2502 reparat
598 2460 605 2485 ε
637 2459 735 2485 cum
764 2441 1090 2502 quadringentis
1121 2439 1312 2483 millibus
1336 2438 1451 2498 pedi-

89 2533 200 2577 tum,
224 2532 265 2565 et
291 2530 466 2565 centum
487 2520 677 2563 millibus
701 2519 922 2579 equitum,
940 2520 1111 2562 obviam
1133 2518 1252 2561 vadit
1272 2518 1451 2561 Alexan-

87 2601 178 2645 dro.
211 2604 260 2644 In
296 2602 448 2644 itincre
482 2600 726 2652 nuntiatur,
753 2618 772 2639 (ι
793 2600 981 2642 Uxorem
1016 2601 1106 2658 ejus
1142 2615 1192 2641 cx
1232 2596 1450 2640 collisione
