1783 3282
359 241 405 278 4),
947 231 1134 267 JUSTINI

360 316 608 360 mittendae:
636 326 701 369 ut,
729 317 855 359 sicuti
883 315 1049 359 dudum
1080 323 1246 374 patrem
1277 314 1367 372 ejus
1396 310 1601 354 nascendi
1624 327 1723 354 auc-

364 407 498 439 torem
522 395 793 450 habuissent,
809 396 867 439 sic
890 395 1032 454 ipsum
1056 394 1145 453 spei
1170 410 1217 436 ac
1242 392 1465 453 dignitatis
1490 407 1575 434 suae
1597 390 1727 433 habe-

360 484 470 518 rent.
498 477 650 534 Itaque
670 491 750 518 nec
769 473 965 517 salutatis
994 473 1228 526 matribus,
1253 488 1275 514 e
1303 487 1488 530 quarum
1513 468 1727 513 adulterio

361 553 583 596 infamiam
621 552 843 613 collegisse
881 551 1166 606 videbantur,
1199 550 1254 594 ad
1293 550 1411 593 sedes
1447 547 1728 608 inquirendas

361 633 720 692 proficiscuntur3
746 631 906 690 diuque
934 640 975 673 et
999 647 1076 690 per
1106 631 1248 673 varios
1282 646 1403 672 casus
1433 629 1601 688 jactati,
1633 637 1729 670 tan-

361 712 459 755 dem
479 713 523 754 in
546 709 716 754 Italiam
743 709 1020 765 deferuntur3
1050 719 1091 752 et
1111 718 1322 769 occupata
1341 724 1438 750 arce
1467 707 1729 750 Tarentino-

360 807 477 846 rum,
495 789 753 850 expugnatis
778 788 996 831 veteribus
1018 787 1192 843 incolis,
1217 787 1336 831 sedes
1362 788 1420 829 ibi
1442 786 1727 831 constituunt.

361 869 443 913 Sed
476 878 570 929 post
604 885 740 911 annos
777 867 987 928 plurimos
1020 868 1108 910 dux
1140 884 1292 911 eorum
1324 865 1618 921 Phalanthus,
1654 881 1731 925 per

361 948 615 991 seditionem
662 949 706 990 in
752 946 951 990 exsilium
1009 947 1311 1006 proturbatus,
1361 941 1643 989 Brundisium
1688 960 1731 987 se

361 1027 570 1082 contulit,
595 1044 681 1086 quo
704 1025 872 1086 expulsi
891 1025 1062 1068 sedibus
1087 1026 1173 1068 suis
1190 1034 1354 1068 veteres
1381 1025 1608 1067 Tarentini
1631 1040 1733 1067 con-

361 1116 587 1150 cesserant.
615 1107 691 1149 His
723 1106 913 1149 moriens
939 1104 1192 1165 persuadet,
1229 1122 1249 1143 «
1265 1107 1326 1147 Ut
1359 1120 1453 1146 ossa
1496 1120 1598 1157 sua,
1636 1120 1732 1163 pos-

363 1195 606 1245 tremasque
640 1184 843 1244 reliquias
872 1194 1122 1238 conterant,
1158 1193 1198 1226 et
1230 1184 1358 1227 tacite
1393 1184 1536 1244 spargi
1568 1184 1611 1225 in
1639 1183 1732 1226 foro

361 1265 701 1307 Tarentinorum
731 1274 898 1320 curent.
928 1266 1023 1307 Hoc
1055 1264 1170 1307 enim
1194 1263 1323 1306 modo
1354 1279 1613 1323 recuperare
1638 1262 1733 1306 illos

364 1344 549 1402 patriam
577 1360 698 1386 suam
721 1359 842 1402 posse
859 1377 869 1396 ,
894 1342 1142 1402 Apollinem
1172 1341 1355 1402 Delphis
1385 1343 1640 1386 cecinisse.»
1664 1341 1734 1385 Illi

363 1424 626 1466 arbitrantes
641 1439 739 1466 eum
762 1423 806 1464 in
826 1422 1039 1465 ultionem
1064 1423 1127 1465 sui
1146 1456 1155 1473 ,
1185 1422 1346 1464 civium
1369 1421 1455 1464 fata
1478 1421 1734 1482 prodidisse,

364 1504 588 1562 praeceptis
612 1519 794 1562 paruere
820 1519 827 1544 :
858 1502 931 1544 sed
954 1501 1120 1544 oraculi
1150 1501 1320 1544 diversa
1339 1503 1556 1545 sententia
1580 1503 1733 1546 fuerat.
1779 1498 1783 1567 1

363 1582 704 1640 perpetuitatem
740 1582 855 1624 enim
886 1581 1025 1635 urbis,
1058 1597 1146 1623 non
1183 1581 1478 1634 amissionem,
1509 1582 1592 1625 hoc
1620 1582 1736 1625 facto
1782 1571 1783 1574 Ἴ

364 1661 635 1719 promiserat.
667 1662 733 1703 Ita
757 1660 877 1703 ducis
901 1658 1058 1703 exsulis
1084 1659 1284 1717 consilio,
1308 1670 1350 1703 et
1370 1661 1560 1704 hostium
1586 1663 1738 1705 minis-

366 1741 494 1793 terio,
524 1740 734 1799 possessio
768 1741 1004 1782 Tarentina
1036 1739 1282 1782 Partheniis
1315 1741 1359 1782 in
1395 1750 1606 1784 aeternum
1639 1741 1738 1784 fun—

367 1819 478 1862 data.
507 1820 574 1862 Oh
611 1820 732 1878 cujus
767 1818 965 1862 beneficii
996 1819 1253 1862 memoriam
1282 1819 1531 1862 Phalantho
1567 1820 1738 1863 divinos

365 1900 552 1943 honores
580 1899 821 1942 decrevere.

427 1980 481 2020 V.
504 1981 677 2021 Interea
703 1979 926 2031 Messenii,
951 1994 1085 2038 quum
1120 1979 1281 2021 virtute
1313 1994 1401 2020 non
1430 1989 1630 2037 possent,
1663 1996 1740 2039 per

369 2057 543 2101 insidias
565 2065 884 2118 expugnantur.
911 2058 1024 2100 Dein
1048 2073 1183 2116 quum
1207 2074 1284 2116 per
1307 2074 1443 2100 annos
1458 2074 1570 2101 Lxxx
1591 2060 1740 2119 gravia

368 2138 585 2180 servitutis
609 2137 810 2189 verbera,
826 2135 1083 2196 plerumque
1107 2147 1146 2179 et
1170 2137 1365 2191 vincula,
1390 2147 1621 2197 ceteraque
1641 2156 1739 2199 cap-

370 2216 547 2259 tivitatis
570 2214 681 2259 mala
706 2217 896 2276 perpessi
921 2225 1086 2269 essent,
1105 2225 1202 2276 post
1226 2215 1400 2277 longam
1422 2234 1649 2278 poenarum
1670 2234 1742 2278 pa-

372 2296 586 2350 tientiam,
602 2294 763 2338 bellum
778 2305 1035 2338 restaurant.
1052 2295 1371 2338 Lacedaemonii
1388 2313 1563 2356 quoque
1575 2314 1626 2340 eo
1640 2314 1742 2341 con-

370 2375 571 2434 spiratius
610 2373 663 2417 ad
705 2391 826 2417 arma
863 2383 1150 2429 concurrunt,
1197 2375 1314 2434 quod
1352 2376 1556 2420 adversus
1595 2393 1740 2420 servos

371 2453 619 2497 dimicaturi
650 2453 923 2497 videbantur.
958 2456 1111 2514 Itaque
1135 2471 1267 2515 quum
1300 2457 1401 2499 hinc
1431 2457 1609 2516 injuria,
1639 2457 1739 2500 inde

372 2532 605 2594 indignitas
623 2534 790 2576 animos
813 2542 1009 2586 acueret,
1024 2534 1361 2589 Lacedaemonii,
1377 2536 1429 2578 de
1453 2535 1556 2579 belli
1580 2545 1738 2579 eventu

374 2612 549 2656 oraculo
573 2611 755 2670 Delphis
777 2612 1220 2673 consulto,jubentur
1243 2614 1398 2658 (lucem
1413 2614 1513 2658 belli
1535 2616 1586 2658 ab
1615 2615 1741 2659 Athe-
