1783 3282
317 281 362 315 86
903 278 1089 312 JUSTINI

318 362 499 423 gloriam
516 360 843 415 dominationis,
862 370 904 402 et
916 359 1249 402 vetustissimam
1267 357 1510 400 libertatem
1525 356 1675 398 finivit.

380 441 453 482 IV.
480 440 619 500 Hujus
641 439 831 482 victoriae
857 437 1010 481 callide
1032 435 1299 479 dissimulata
1323 435 1471 479 laetitia
1496 445 1572 478 est.
1592 437 1679 477 De-

315 520 445 578 nique
477 534 566 561 non
600 517 725 561 solita
757 532 876 560 sacra
906 513 1134 573 Philippus
1163 513 1235 557 illa
1268 514 1336 557 die
1368 514 1492 569 fecit3
1520 531 1607 558 non
1634 515 1676 557 in

316 598 515 640 convivio
539 597 654 651 risit3
681 612 768 639 non
791 594 915 637 ludos
942 595 1054 636 inter
1081 592 1226 653 epulas
1249 593 1472 649 adhibuit3
1498 611 1587 637 non
1608 611 1679 637 co-

316 692 460 731 ronas,
489 692 578 719 non
602 683 826 735 unguenta
847 673 1051 732 sumpsit,
1075 681 1137 727 et,
1163 681 1375 732 quantum
1401 674 1444 714 in
1473 672 1547 715 illo
1574 673 1677 727 fuit,

314 755 375 797 ita
396 755 520 808 vicit,
546 764 594 797 ut
620 754 832 797 victorem
859 768 987 794 nenio
1010 751 1202 794 sentiret.
1236 750 1319 794 Sed
1356 767 1435 793 nec
1466 767 1609 811 regem
1637 768 1679 794 se

315 834 517 887 Graeciae,
547 833 619 875 sed
645 832 799 875 ducem
822 830 1033 890 appellari
1054 831 1193 889 jussit.
1224 832 1368 889 Atque
1392 831 1449 873 ita
1475 830 1588 872 inter
1617 839 1680 872 ta-

316 912 444 954 citam
474 910 665 954 laetitiam
691 920 732 954 et
764 909 958 952 dolorem
987 909 1178 951 hostium
1211 910 1491 968 temperavit,
1525 918 1574 951 ut
1605 925 1679 951 ne-

314 1006 396 1048 que
424 989 541 1049 apud
571 1005 669 1031 suos
700 987 958 1040 exsultasse,
990 1002 1130 1044 neque
1158 987 1274 1045 apud
1297 988 1433 1029 victos
1456 986 1680 1030 insultasse

315 1067 547 1110 videretur.
576 1065 941 1120 Atheniensibus,
960 1080 1068 1123 quos
1094 1081 1242 1124 passus
1267 1065 1563 1109 infestissimos
1589 1065 1680 1108 fue-

315 1155 398 1198 rat,
430 1156 473 1188 et
499 1147 691 1205 captivos
722 1146 852 1205 gratis
881 1145 1070 1200 remisit,
1095 1154 1137 1186 et
1175 1143 1291 1186 bello
1320 1154 1680 1203 consumptorum

314 1240 496 1283 corpora
522 1223 754 1283 sepulturae
780 1224 990 1279 reddidit3
1013 1223 1302 1283 reliquiasque
1330 1223 1534 1266 funerum
1558 1233 1605 1267 ut
1628 1225 1680 1267 ad

314 1301 509 1361 sepulcra
542 1303 756 1362 majorum
784 1302 1022 1357 deferrent,
1058 1302 1174 1345 ultro
1208 1303 1407 1345 hortatus
1439 1311 1514 1344 est.
1543 1304 1682 1362 Super

314 1380 403 1423 haec
428 1380 723 1424 Alexandrum
757 1380 895 1424 filium
921 1398 1019 1424 cum
1050 1382 1190 1424 amico
1219 1381 1478 1439 Antipatro,
1508 1381 1582 1439 qui
1609 1396 1682 1438 pa·
1743 1410 1746 1411 ν

315 1475 405 1502 cem
447 1476 546 1502 cum
585 1460 651 1502 his
683 1460 1005 1519 amicitiamque
1035 1460 1288 1520 jungerent,
1324 1459 1515 1503 Athenas
1550 1460 1678 1502 misit.

315 1537 621 1581 Thebanorum
647 1555 778 1597 porro
813 1555 901 1582 non
934 1538 1074 1582 solum
1112 1539 1330 1598 captivos,
1366 1554 1516 1581 verum
1552 1539 1681 1581 etiam

315 1616 645 1660 interfectorum
683 1617 951 1677 sepulturam
987 1617 1196 1660 vendidit.
1234 1617 1459 1676 Principes
1497 1618 1682 1660 civitatis

314 1694 419 1738 alios
438 1697 577 1738 securi
600 1698 836 1756 percussit,
862 1695 968 1739 alios
991 1697 1035 1738 in
1056 1696 1251 1739 exsilium
1278 1696 1463 1756 redegit,
1482 1696 1682 1756 bonaque

315 1775 510 1817 omnium
547 1776 790 1835 occupavit.
823 1774 977 1818 Pulsos
1013 1774 1168 1818 deinde
1196 1791 1275 1835 per
1305 1776 1509 1835 injuriam
1542 1776 1585 1818 in
1611 1792 1684 1836 pa-

316 1854 442 1896 triam
472 1854 686 1908 restituit3
713 1871 764 1896 ex
796 1854 955 1897 horum
984 1870 1166 1897 numero
1193 1870 1270 1898 ccc
1294 1853 1490 1910 exsules,
1513 1855 1682 1914 judices

315 1942 592 1991 rectoresque
620 1934 784 1975 civitati
816 1933 935 1975 dedit
964 1950 971 1975 :
1002 1933 1118 1993 apud
1159 1950 1265 1992 quos
1302 1950 1436 1992 quum
1474 1936 1683 1993 potentis-

315 2011 411 2053 simi
437 2012 597 2070 quique
622 2012 682 2054 rei
709 2012 799 2071 ejus
825 2012 957 2071 ipsius
981 2013 1173 2055 criminis
1200 2011 1545 2071 postularentur,
1565 2014 1682 2072 quod

315 2105 391 2149 per
416 2090 619 2150 injuriam
648 2092 692 2133 in
717 2090 913 2134 exsilium
936 2092 1141 2151 egissent,
1166 2090 1295 2150 liujus
1321 2092 1574 2134 constantiae
1596 2091 1683 2135 fue—

315 2179 436 2225 runt,
465 2179 513 2213 ut
545 2186 694 2213 omnes
725 2186 768 2213 se
799 2180 998 2214 auctores
1030 2171 1291 2223 faterentur,
1319 2169 1558 2230 meliusque
1582 2188 1681 2214 cum

315 2248 539 2308 republica
571 2259 738 2301 actum,
777 2266 910 2308 quum
948 2249 1139 2292 damnati
1177 2259 1342 2303 essent,
1380 2266 1509 2308 quam
1545 2266 1680 2309 quum

316 2329 524 2383 restituti,
550 2328 875 2371 contenderent.
906 2329 1019 2371 Mira
1046 2344 1220 2387 prorsus
1256 2328 1458 2371 audacia:
1487 2328 1539 2371 de
1564 2329 1680 2387 judi-

317 2406 437 2449 cibus
464 2407 561 2449 vitae
588 2409 792 2466 necisque
820 2423 928 2461 suae,
961 2407 1327 2465 quemadmodum
1360 2418 1560 2467 possunt,
1593 2425 1680 2451 sen-

317 2486 495 2527 tentiam
539 2485 713 2539 ferunt;
751 2495 1125 2545 contemnuntque
1168 2485 1504 2543 absolutionem,
1548 2503 1678 2546 quam

315 2563 416 2607 (lare
439 2564 604 2607 inimici
636 2574 838 2623 possunt;
866 2574 905 2607 et
931 2582 1058 2624 quam
1086 2566 1215 2609 rebus
1246 2575 1466 2626 nequeunt
1501 2565 1677 2620 ulcisci,

315 2645 455 2687 verbis
480 2654 689 2704 usurpant
718 2644 973 2687 libertatem.
