1783 3282
256 285 326 317 170
840 271 1026 305 JUSTINI

251 357 336 398 tius
373 355 580 408 obruere,
609 369 741 414 quam
767 369 986 405 cremare,
1026 368 1049 393 a
1087 366 1187 410 rege
1208 350 1476 408 jubebantur
1509 366 1517 387 :
1548 365 1620 409 pe-

251 452 388 484 tentes
425 440 552 484 simul
591 440 752 484 auxilia
787 440 992 483 adversus
1038 437 1274 492 Graeciam,
1315 438 1384 480 cui
1421 436 1620 480 illaturus

250 528 412 572 bellum
436 530 595 573 Darius
619 539 723 572 erat.
749 527 831 571 Sed
852 525 1253 585 Carthaginienses,
1279 523 1439 566 auxilia
1459 541 1618 585 negan-

247 626 336 671 tes,
371 627 551 676 propter
581 616 752 659 assidua
783 614 1070 656 finitimorum
1098 610 1234 665 bella,
1261 612 1433 667 ceteris,
1461 628 1514 654 ne
1542 628 1620 671 per

248 704 395 746 omnia
419 712 695 746 contumaces
722 701 996 754 viderentur,
1023 698 1179 759 cupide
1198 714 1394 758 paruere.

309 793 364 834 II.
391 793 562 834 Interea
585 788 805 832 Hamilcar
828 787 940 831 bello
964 786 1176 831 Siciliensi
1197 785 1470 841 interficitur,
1492 785 1619 830 relic-

246 880 301 923 tis
324 879 463 921 tribus
487 877 609 933 filiis,
640 876 910 931 Himilcone,
933 878 1172 931 Hannone,
1203 875 1408 918 Giscone.
1429 874 1621 917 Hasdru-

246 967 332 1010 bali
370 982 543 1025 quoque
579 981 658 1025 par
697 980 904 1007 numerus
940 963 1131 1006 filiorum
1171 963 1277 1019 fuit,
1304 962 1549 1018 Hannibal,
1578 973 1621 1006 et

245 1053 519 1109 Hasdrubal,
543 1063 585 1096 et
603 1053 793 1113 Sappho.
817 1054 899 1095 Per
927 1052 1005 1094 hos
1027 1068 1093 1094 res
1122 1051 1550 1111 Carthaginiensium
1571 1068 1621 1095 ea

246 1151 502 1202 tempestate
518 1142 798 1202 gerebantur.
820 1143 973 1200 Itaque
997 1149 1038 1182 et
1055 1139 1225 1182 Mauris
1246 1137 1408 1181 bellum
1430 1138 1618 1195 illatum,

245 1241 287 1274 et
310 1231 516 1274 adversus
546 1229 762 1275 Numidas
788 1238 1065 1289 pugnatum,
1100 1238 1142 1271 et
1174 1226 1267 1271 Afri
1302 1226 1514 1288 compulsi
1547 1228 1620 1270 stiu

245 1319 454 1381 pendium
505 1319 625 1362 urbis
675 1317 858 1361 conditae
903 1317 1338 1377 Carthaginiensibus
1384 1317 1616 1359 remittere.

244 1408 414 1452 Deinde
439 1424 575 1466 quum
603 1405 763 1450 familia
797 1415 919 1448 tanta
948 1406 1261 1464 imperatorum
1295 1406 1437 1465 gravis
1474 1404 1618 1447 liberae

244 1496 409 1538 civitati
429 1505 558 1549 esset,
580 1495 814 1553 omniaque
835 1494 915 1552 ipsi
939 1503 1119 1553 agerent
1139 1493 1265 1536 simul
1290 1503 1333 1536 et
1348 1492 1617 1552 judicarent,

245 1593 420 1626 centum
459 1600 509 1625 ex
542 1598 725 1625 numero
759 1590 1009 1624 senatorum
1040 1581 1207 1640 judices
1246 1581 1513 1641 deliguntur,
1545 1583 1618 1641 qui

245 1672 427 1715 reversis
461 1688 484 1714 a
510 1670 622 1715 bello
650 1670 832 1714 ducibus
863 1672 1077 1714 rationem
1108 1687 1253 1713 rerum
1280 1681 1499 1731 gestarum
1534 1672 1621 1714 exi-

246 1772 420 1822 gerent,
449 1771 497 1804 ut
522 1762 606 1804 hoc
639 1771 756 1804 metu
784 1761 844 1803 ita
869 1761 912 1803 in
941 1759 1053 1803 bello
1082 1761 1260 1820 imperia
1282 1761 1545 1820 cogitarent,
1570 1770 1620 1803 ut

246 1852 364 1895 domi
396 1850 560 1910 judicia
596 1849 798 1910 legesque
835 1850 1112 1909 respicerent.
1138 1851 1189 1892 In
1223 1849 1368 1893 Sicilia
1398 1851 1441 1893 in
1473 1849 1616 1893 locum

246 1938 526 1994 Hamilcaris,
552 1940 787 1998 imperator
813 1937 1001 1981 Himilco
1030 1937 1219 1981 succedit
1241 1956 1249 1980 z
1275 1939 1349 1997 qui
1379 1955 1513 1997 quum
1544 1956 1619 1981 na·

248 2026 332 2070 vali
353 2027 636 2086 terrestrique
656 2025 769 2069 bello
785 2026 975 2069 secunda
996 2025 1147 2085 proelia
1166 2026 1355 2081 fecisset,
1376 2025 1620 2086 multasque

246 2115 439 2158 civitates
459 2115 662 2173 cepisset,
686 2124 863 2173 repente
890 2113 1130 2174 pestilentis
1153 2114 1303 2157 sideris
1323 2116 1362 2157 vi
1384 2117 1618 2158 exercitum

246 2203 399 2246 amisit.
424 2204 534 2259 Quae
559 2219 625 2245 res
647 2218 783 2261 quum
811 2203 1011 2244 nuntiata
1034 2203 1291 2262 Carthagini
1313 2212 1443 2252 esset,
1470 2213 1619 2247 moesta

247 2293 395 2334 civitas
417 2292 499 2334 fuit
519 2308 527 2333 :
549 2291 694 2333 omnia
722 2289 986 2344 ululatibus,
1014 2307 1102 2333 non
1128 2308 1248 2334 secus
1270 2308 1319 2333 ac
1342 2292 1375 2334 si
1398 2292 1501 2334 urbs
1528 2293 1620 2352 ipsa

247 2388 373 2438 capta
398 2388 529 2434 esset,
555 2378 848 2438 personabant
872 2394 880 2419 :
904 2376 1058 2420 clausae
1080 2379 1259 2438 privatae
1276 2378 1452 2436 domus,
1475 2379 1618 2423 clausa

246 2466 426 2509 deorum
455 2466 636 2526 templa,
662 2466 905 2509 intermissa
931 2467 1077 2510 omnia
1105 2483 1244 2523 sacra,
1273 2469 1419 2511 omnia
1452 2470 1618 2529 privata

247 2554 391 2598 officia
413 2555 629 2598 damnata.
650 2556 809 2598 Cuncti
830 2554 984 2598 deinde
1005 2554 1059 2598 ad
1082 2566 1258 2615 portum
1278 2567 1616 2616 congregantur,

247 2644 600 2704 egredientesque
620 2661 782 2704 paucos
802 2662 823 2688 c
842 2646 1043 2700 navibus,
1072 2647 1145 2704 qui
1168 2645 1277 2689 cladi
1296 2647 1615 2706 superfuerant,
