<?xml version="1.0" encoding="UTF-8"?>
<!DOCTYPE html PUBLIC "-//W3C//DTD XHTML 1.0 Transitional//EN"
    "http://www.w3.org/TR/xhtml1/DTD/xhtml1-transitional.dtd">
<html xmlns="http://www.w3.org/1999/xhtml" xml:lang="en" lang="en">
 <head>
  <title>
</title>
<meta http-equiv="Content-Type" content="text/html;charset=utf-8" />
  <meta name='ocr-system' content='tesseract 3.04.00' />
  <meta name='ocr-capabilities' content='ocr_page ocr_carea ocr_par ocr_line ocrx_word'/>
</head>
<body>
  <div class='ocr_page' id='page_1' title='image "./historiarumphili01justuoft_0042.png"; bbox 0 0 1783 3282; ppageno 0'>
   <div class='ocr_carea' id='block_1_1' title="bbox 310 231 1086 275">
    <p class='ocr_par' dir='ltr' id='par_1_1' title="bbox 310 231 1086 275">
     <span class='ocr_line' id='line_1_1' title="bbox 310 231 1086 275; baseline -0.003 -8"><span class='ocrx_word' id='word_1_1' title='bbox 310 245 329 267; x_wconf 83' lang='lat'><strong>2</strong></span> <span class='ocrx_word' id='word_1_2' title='bbox 336 238 356 275; x_wconf 67' lang='lat'>4</span> <span class='ocrx_word' id='word_1_3' title='bbox 900 232 918 265; x_wconf 89' lang='lat' dir='ltr'>J</span> <span class='ocrx_word' id='word_1_4' title='bbox 924 231 1086 266; x_wconf 90' lang='lat' dir='ltr'><strong>USTINI</strong></span> 
     </span>
    </p>
   </div>
   <div class='ocr_carea' id='block_1_2' title="bbox 309 307 1688 2590">
    <p class='ocr_par' dir='ltr' id='par_1_2' title="bbox 309 307 1688 2590">
     <span class='ocr_line' id='line_1_2' title="bbox 309 307 1676 372; baseline -0.005 -14"><span class='ocrx_word' id='word_1_5' title='bbox 309 331 437 359; x_wconf 90' lang='lat' dir='ltr'><strong>usum</strong></span> <span class='ocrx_word' id='word_1_6' title='bbox 460 314 658 357; x_wconf 81' lang='lat' dir='ltr'>docuere.</span> <span class='ocrx_word' id='word_1_7' title='bbox 678 315 812 357; x_wconf 86' lang='lat' dir='ltr'><strong>Arare</strong></span> <span class='ocrx_word' id='word_1_8' title='bbox 826 329 1017 372; x_wconf 86' lang='lat' dir='ltr'><strong>quoque,</strong></span> <span class='ocrx_word' id='word_1_9' title='bbox 1041 322 1084 355; x_wconf 87' lang='lat' dir='ltr'><strong>et</strong></span> <span class='ocrx_word' id='word_1_10' title='bbox 1105 327 1244 355; x_wconf 81' lang='lat' dir='ltr'><strong>serere</strong></span> <span class='ocrx_word' id='word_1_11' title='bbox 1258 311 1498 365; x_wconf 88' lang='lat' dir='ltr'><strong>frumenta,</strong></span> <span class='ocrx_word' id='word_1_12' title='bbox 1522 307 1676 370; x_wconf 85' lang='lat' dir='ltr'><strong>glande</strong></span> 
     </span>
     <span class='ocr_line' id='line_1_3' title="bbox 310 388 1679 445; baseline -0.004 -8"><span class='ocrx_word' id='word_1_13' title='bbox 310 393 585 437; x_wconf 83' lang='lat' dir='ltr'><strong>vescentibus</strong></span> <span class='ocrx_word' id='word_1_14' title='bbox 600 402 914 436; x_wconf 87' lang='lat' dir='ltr'><strong>monstrarunt.</strong></span> <span class='ocrx_word' id='word_1_15' title='bbox 934 393 1109 435; x_wconf 85' lang='lat' dir='ltr'><strong>Litterae</strong></span> <span class='ocrx_word' id='word_1_16' title='bbox 1123 400 1240 434; x_wconf 88' lang='lat' dir='ltr'><strong>certe</strong></span> <span class='ocrx_word' id='word_1_17' title='bbox 1254 407 1302 434; x_wconf 91' lang='lat' dir='ltr'><strong>ac</strong></span> <span class='ocrx_word' id='word_1_18' title='bbox 1317 388 1537 445; x_wconf 82' lang='lat' dir='ltr'>facundia,</span> <span class='ocrx_word' id='word_1_19' title='bbox 1553 388 1679 431; x_wconf 87' lang='lat' dir='ltr'><strong>ethic</strong></span> 
     </span>
     <span class='ocr_line' id='line_1_4' title="bbox 311 467 1676 532; baseline -0.004 -16"><span class='ocrx_word' id='word_1_20' title='bbox 311 471 447 516; x_wconf 90' lang='lat' dir='ltr'><strong>civilis</strong></span> <span class='ocrx_word' id='word_1_21' title='bbox 469 472 576 516; x_wconf 89' lang='lat' dir='ltr'><strong>ordo</strong></span> <span class='ocrx_word' id='word_1_22' title='bbox 588 470 845 532; x_wconf 88' lang='lat' dir='ltr'><strong>disciplinae,</strong></span> <span class='ocrx_word' id='word_1_23' title='bbox 863 470 998 513; x_wconf 91' lang='lat' dir='ltr'><strong>veluti</strong></span> <span class='ocrx_word' id='word_1_24' title='bbox 1022 468 1235 528; x_wconf 89' lang='lat' dir='ltr'><strong>templum</strong></span> <span class='ocrx_word' id='word_1_25' title='bbox 1249 503 1260 525; x_wconf 95' lang='lat'><strong>,</strong></span> <span class='ocrx_word' id='word_1_26' title='bbox 1284 469 1477 512; x_wconf 87' lang='lat' dir='ltr'><strong>Athenas</strong></span> <span class='ocrx_word' id='word_1_27' title='bbox 1498 467 1676 511; x_wconf 86' lang='lat' dir='ltr'><strong>habent.</strong></span> 
     </span>
     <span class='ocr_line' id='line_1_5' title="bbox 313 548 1677 608; baseline -0.005 -13"><span class='ocrx_word' id='word_1_28' title='bbox 313 554 429 595; x_wconf 88' lang='lat' dir='ltr'><strong>Ante</strong></span> <span class='ocrx_word' id='word_1_29' title='bbox 461 549 739 595; x_wconf 86' lang='lat' dir='ltr'><strong>Deucalionis</strong></span> <span class='ocrx_word' id='word_1_30' title='bbox 774 560 970 608; x_wconf 86' lang='lat' dir='ltr'><strong>tempora</strong></span> <span class='ocrx_word' id='word_1_31' title='bbox 1003 564 1150 608; x_wconf 82' lang='lat' dir='ltr'><strong>regem</strong></span> <span class='ocrx_word' id='word_1_32' title='bbox 1183 548 1373 591; x_wconf 85' lang='lat' dir='ltr'><strong>habuere</strong></span> <span class='ocrx_word' id='word_1_33' title='bbox 1408 549 1677 606; x_wconf 88' lang='lat' dir='ltr'><strong>Cecropem:</strong></span> 
     </span>
     <span class='ocr_line' id='line_1_6' title="bbox 312 624 1679 690; baseline -0.005 -16"><span class='ocrx_word' id='word_1_34' title='bbox 312 647 460 690; x_wconf 90' lang='lat' dir='ltr'><strong>quem,</strong></span> <span class='ocrx_word' id='word_1_35' title='bbox 478 640 527 673; x_wconf 91' lang='lat' dir='ltr'><strong>ut</strong></span> <span class='ocrx_word' id='word_1_36' title='bbox 548 630 687 673; x_wconf 89' lang='lat' dir='ltr'><strong>omnis</strong></span> <span class='ocrx_word' id='word_1_37' title='bbox 711 629 945 687; x_wconf 83' lang='lat' dir='ltr'><strong>antiquitas</strong></span> <span class='ocrx_word' id='word_1_38' title='bbox 968 626 1164 670; x_wconf 87' lang='lat' dir='ltr'><strong>fabulosa</strong></span> <span class='ocrx_word' id='word_1_39' title='bbox 1186 636 1268 682; x_wconf 90' lang='lat' dir='ltr'><strong>est,</strong></span> <span class='ocrx_word' id='word_1_40' title='bbox 1291 626 1521 669; x_wconf 87' lang='lat' dir='ltr'><strong>biformem</strong></span> <span class='ocrx_word' id='word_1_41' title='bbox 1545 624 1679 668; x_wconf 86' lang='lat' dir='ltr'><strong>tradi-</strong></span> 
     </span>
     <span class='ocr_line' id='line_1_7' title="bbox 311 705 1678 768; baseline -0.005 -15"><span class='ocrx_word' id='word_1_42' title='bbox 311 710 437 766; x_wconf 89' lang='lat' dir='ltr'><strong>dere,</strong></span> <span class='ocrx_word' id='word_1_43' title='bbox 471 710 571 768; x_wconf 89' lang='lat' dir='ltr'><strong>quia</strong></span> <span class='ocrx_word' id='word_1_44' title='bbox 606 710 771 768; x_wconf 88' lang='lat' dir='ltr'><strong>primus</strong></span> <span class='ocrx_word' id='word_1_45' title='bbox 807 724 972 751; x_wconf 89' lang='lat' dir='ltr'><strong>marem</strong></span> <span class='ocrx_word' id='word_1_46' title='bbox 1006 706 1174 750; x_wconf 85' lang='lat' dir='ltr'><strong>feminae</strong></span> <span class='ocrx_word' id='word_1_47' title='bbox 1207 706 1488 749; x_wconf 87' lang='lat' dir='ltr'><strong>matrimonio</strong></span> <span class='ocrx_word' id='word_1_48' title='bbox 1519 705 1678 763; x_wconf 84' lang='lat' dir='ltr'><strong>junxit.</strong></span> 
     </span>
     <span class='ocr_line' id='line_1_8' title="bbox 311 784 1680 846; baseline -0.004 -14"><span class='ocrx_word' id='word_1_49' title='bbox 311 789 424 832; x_wconf 91' lang='lat' dir='ltr'><strong>Huic</strong></span> <span class='ocrx_word' id='word_1_50' title='bbox 447 789 653 832; x_wconf 89' lang='lat' dir='ltr'><strong>successit</strong></span> <span class='ocrx_word' id='word_1_51' title='bbox 668 789 863 831; x_wconf 88' lang='lat' dir='ltr'><strong>Cranaus</strong></span> <span class='ocrx_word' id='word_1_52' title='bbox 877 821 889 841; x_wconf 95' lang='lat'><strong>,</strong></span> <span class='ocrx_word' id='word_1_53' title='bbox 911 787 1033 846; x_wconf 88' lang='lat' dir='ltr'><strong>cujus</strong></span> <span class='ocrx_word' id='word_1_54' title='bbox 1056 784 1143 829; x_wconf 86' lang='lat' dir='ltr'><strong>filia</strong></span> <span class='ocrx_word' id='word_1_55' title='bbox 1165 785 1310 829; x_wconf 86' lang='lat' dir='ltr'><strong>Atthis</strong></span> <span class='ocrx_word' id='word_1_56' title='bbox 1331 784 1497 844; x_wconf 84' lang='lat' dir='ltr'><strong>regioni</strong></span> <span class='ocrx_word' id='word_1_57' title='bbox 1520 799 1680 826; x_wconf 89' lang='lat' dir='ltr'><strong>nomen</strong></span> 
     </span>
     <span class='ocr_line' id='line_1_9' title="bbox 312 864 1683 926; baseline -0.004 -15"><span class='ocrx_word' id='word_1_58' title='bbox 312 867 443 911; x_wconf 90' lang='lat' dir='ltr'><strong>dedit.</strong></span> <span class='ocrx_word' id='word_1_59' title='bbox 466 870 571 911; x_wconf 91' lang='lat' dir='ltr'><strong>Post</strong></span> <span class='ocrx_word' id='word_1_60' title='bbox 596 868 713 910; x_wconf 93' lang='lat' dir='ltr'><strong>hunc</strong></span> <span class='ocrx_word' id='word_1_61' title='bbox 738 867 1033 926; x_wconf 81' lang='lat' dir='ltr'><strong>Amphictyon</strong></span> <span class='ocrx_word' id='word_1_62' title='bbox 1060 865 1282 925; x_wconf 84' lang='lat' dir='ltr'><strong>regnavit,</strong></span> <span class='ocrx_word' id='word_1_63' title='bbox 1313 865 1387 923; x_wconf 88' lang='lat' dir='ltr'><strong>qui</strong></span> <span class='ocrx_word' id='word_1_64' title='bbox 1410 865 1575 924; x_wconf 92' lang='lat' dir='ltr'><strong>primus</strong></span> <span class='ocrx_word' id='word_1_65' title='bbox 1601 864 1683 906; x_wconf 88' lang='lat' dir='ltr'><strong>Mi-</strong></span> 
     </span>
     <span class='ocr_line' id='line_1_10' title="bbox 313 942 1678 1000; baseline -0.003 -11"><span class='ocrx_word' id='word_1_66' title='bbox 313 963 455 990; x_wconf 88' lang='lat' dir='ltr'><strong>nervae</strong></span> <span class='ocrx_word' id='word_1_67' title='bbox 476 947 630 990; x_wconf 89' lang='lat' dir='ltr'><strong>urbem</strong></span> <span class='ocrx_word' id='word_1_68' title='bbox 655 947 867 1000; x_wconf 87' lang='lat' dir='ltr'><strong>sacravit,</strong></span> <span class='ocrx_word' id='word_1_69' title='bbox 892 955 935 988; x_wconf 90' lang='lat' dir='ltr'><strong>et</strong></span> <span class='ocrx_word' id='word_1_70' title='bbox 956 961 1115 988; x_wconf 92' lang='lat' dir='ltr'><strong>nomen</strong></span> <span class='ocrx_word' id='word_1_71' title='bbox 1138 944 1304 987; x_wconf 87' lang='lat' dir='ltr'><strong>civitati</strong></span> <span class='ocrx_word' id='word_1_72' title='bbox 1327 943 1522 987; x_wconf 88' lang='lat' dir='ltr'><strong>Athenas</strong></span> <span class='ocrx_word' id='word_1_73' title='bbox 1547 942 1678 985; x_wconf 86' lang='lat' dir='ltr'><strong>dedit.</strong></span> 
     </span>
     <span class='ocr_line' id='line_1_11' title="bbox 311 1022 1683 1085; baseline -0.002 -17"><span class='ocrx_word' id='word_1_74' title='bbox 311 1026 452 1085; x_wconf 86' lang='lat' dir='ltr'><strong>Hujus</strong></span> <span class='ocrx_word' id='word_1_75' title='bbox 469 1025 757 1084; x_wconf 78' lang='lat' dir='ltr'><strong>temporibus,</strong></span> <span class='ocrx_word' id='word_1_76' title='bbox 779 1039 991 1082; x_wconf 87' lang='lat' dir='ltr'><strong>aquarum</strong></span> <span class='ocrx_word' id='word_1_77' title='bbox 1007 1022 1175 1066; x_wconf 90' lang='lat' dir='ltr'><strong>illuvies</strong></span> <span class='ocrx_word' id='word_1_78' title='bbox 1192 1023 1402 1081; x_wconf 88' lang='lat' dir='ltr'><strong>majorem</strong></span> <span class='ocrx_word' id='word_1_79' title='bbox 1420 1032 1588 1081; x_wconf 90' lang='lat' dir='ltr'><strong>partem</strong></span> <span class='ocrx_word' id='word_1_80' title='bbox 1608 1038 1683 1082; x_wconf 95' lang='lat' dir='ltr'><strong>po-</strong></span> 
     </span>
     <span class='ocr_line' id='line_1_12' title="bbox 310 1100 1684 1162; baseline -0.002 -15"><span class='ocrx_word' id='word_1_81' title='bbox 310 1102 518 1162; x_wconf 89' lang='lat' dir='ltr'><strong>pulorum</strong></span> <span class='ocrx_word' id='word_1_82' title='bbox 539 1104 716 1147; x_wconf 85' lang='lat' dir='ltr'><strong>Graeciae</strong></span> <span class='ocrx_word' id='word_1_83' title='bbox 739 1102 995 1162; x_wconf 89' lang='lat' dir='ltr'><strong>absumpsit.</strong></span> <span class='ocrx_word' id='word_1_84' title='bbox 1018 1100 1355 1160; x_wconf 88' lang='lat' dir='ltr'><strong>Superfuerunt,</strong></span> <span class='ocrx_word' id='word_1_85' title='bbox 1381 1117 1489 1159; x_wconf 90' lang='lat' dir='ltr'><strong>quos</strong></span> <span class='ocrx_word' id='word_1_86' title='bbox 1516 1100 1684 1160; x_wconf 86' lang='lat' dir='ltr'><strong>refugia</strong></span> 
     </span>
     <span class='ocr_line' id='line_1_13' title="bbox 311 1178 1684 1243; baseline -0.002 -17"><span class='ocrx_word' id='word_1_87' title='bbox 311 1184 527 1226; x_wconf 91' lang='lat' dir='ltr'><strong>montium</strong></span> <span class='ocrx_word' id='word_1_88' title='bbox 550 1192 810 1243; x_wconf 87' lang='lat' dir='ltr'><strong>receperunt</strong></span> <span class='ocrx_word' id='word_1_89' title='bbox 824 1216 835 1238; x_wconf 95' lang='lat'><strong>,</strong></span> <span class='ocrx_word' id='word_1_90' title='bbox 859 1191 934 1225; x_wconf 90' lang='lat' dir='ltr'><strong>aut</strong></span> <span class='ocrx_word' id='word_1_91' title='bbox 956 1181 1009 1225; x_wconf 92' lang='lat' dir='ltr'><strong>ad</strong></span> <span class='ocrx_word' id='word_1_92' title='bbox 1032 1197 1179 1241; x_wconf 84' lang='lat' dir='ltr'><strong>regem</strong></span> <span class='ocrx_word' id='word_1_93' title='bbox 1201 1178 1432 1223; x_wconf 75' lang='lat' dir='ltr'><strong>Thessaliae</strong></span> <span class='ocrx_word' id='word_1_94' title='bbox 1454 1179 1684 1224; x_wconf 90' lang='lat' dir='ltr'><strong>Deucalio-</strong></span> 
     </span>
     <span class='ocr_line' id='line_1_14' title="bbox 312 1260 1682 1321; baseline -0.001 -17"><span class='ocrx_word' id='word_1_95' title='bbox 312 1278 412 1305; x_wconf 90' lang='lat' dir='ltr'><strong>nem</strong></span> <span class='ocrx_word' id='word_1_96' title='bbox 434 1263 601 1306; x_wconf 89' lang='lat' dir='ltr'><strong>ratibus</strong></span> <span class='ocrx_word' id='word_1_97' title='bbox 625 1264 762 1306; x_wconf 88' lang='lat' dir='ltr'><strong>evecti</strong></span> <span class='ocrx_word' id='word_1_98' title='bbox 786 1272 886 1305; x_wconf 89' lang='lat' dir='ltr'><strong>sunt</strong></span> <span class='ocrx_word' id='word_1_99' title='bbox 912 1278 920 1304; x_wconf 79' lang='lat' dir='ltr'>z</span> <span class='ocrx_word' id='word_1_100' title='bbox 946 1278 968 1303; x_wconf 88' lang='lat' dir='ltr'><strong>a</strong></span> <span class='ocrx_word' id='word_1_101' title='bbox 1001 1277 1087 1321; x_wconf 89' lang='lat' dir='ltr'><strong>quo</strong></span> <span class='ocrx_word' id='word_1_102' title='bbox 1113 1270 1343 1320; x_wconf 87' lang='lat' dir='ltr'><strong>propterea</strong></span> <span class='ocrx_word' id='word_1_103' title='bbox 1375 1276 1510 1320; x_wconf 86' lang='lat' dir='ltr'><strong>genus</strong></span> <span class='ocrx_word' id='word_1_104' title='bbox 1539 1260 1682 1303; x_wconf 91' lang='lat' dir='ltr'><strong>homi-</strong></span> 
     </span>
     <span class='ocr_line' id='line_1_15' title="bbox 312 1339 1682 1385; baseline -0.001 -1"><span class='ocrx_word' id='word_1_105' title='bbox 312 1357 418 1384; x_wconf 90' lang='lat' dir='ltr'><strong>num</strong></span> <span class='ocrx_word' id='word_1_106' title='bbox 443 1341 667 1385; x_wconf 90' lang='lat' dir='ltr'><strong>conditum</strong></span> <span class='ocrx_word' id='word_1_107' title='bbox 692 1341 865 1385; x_wconf 90' lang='lat' dir='ltr'><strong>dicitur.</strong></span> <span class='ocrx_word' id='word_1_108' title='bbox 893 1342 976 1384; x_wconf 90' lang='lat' dir='ltr'><strong>Per</strong></span> <span class='ocrx_word' id='word_1_109' title='bbox 998 1340 1194 1383; x_wconf 87' lang='lat' dir='ltr'><strong>ordinem</strong></span> <span class='ocrx_word' id='word_1_110' title='bbox 1219 1339 1373 1382; x_wconf 81' lang='lat' dir='ltr'><strong>deinde</strong></span> <span class='ocrx_word' id='word_1_111' title='bbox 1397 1340 1682 1383; x_wconf 90' lang='lat' dir='ltr'><strong>successionis</strong></span> 
     </span>
     <span class='ocr_line' id='line_1_16' title="bbox 312 1418 1684 1481; baseline -0.002 -17"><span class='ocrx_word' id='word_1_112' title='bbox 312 1437 495 1481; x_wconf 84' lang='lat' dir='ltr'><strong>regnum</strong></span> <span class='ocrx_word' id='word_1_113' title='bbox 510 1420 564 1463; x_wconf 93' lang='lat' dir='ltr'><strong>ad</strong></span> <span class='ocrx_word' id='word_1_114' title='bbox 585 1420 880 1464; x_wconf 89' lang='lat' dir='ltr'><strong>Erechtheum</strong></span> <span class='ocrx_word' id='word_1_115' title='bbox 905 1419 1129 1463; x_wconf 90' lang='lat' dir='ltr'><strong>descendit</strong></span> <span class='ocrx_word' id='word_1_116' title='bbox 1144 1453 1155 1475; x_wconf 90' lang='lat'><strong>,</strong></span> <span class='ocrx_word' id='word_1_117' title='bbox 1180 1419 1259 1461; x_wconf 91' lang='lat' dir='ltr'><strong>sub</strong></span> <span class='ocrx_word' id='word_1_118' title='bbox 1283 1435 1369 1478; x_wconf 90' lang='lat' dir='ltr'><strong>quo</strong></span> <span class='ocrx_word' id='word_1_119' title='bbox 1390 1418 1599 1462; x_wconf 87' lang='lat' dir='ltr'><strong>frumenti</strong></span> <span class='ocrx_word' id='word_1_120' title='bbox 1623 1435 1684 1462; x_wconf 87' lang='lat' dir='ltr'><strong>sa-</strong></span> 
     </span>
     <span class='ocr_line' id='line_1_17' title="bbox 313 1498 1684 1560; baseline -0.002 -17"><span class='ocrx_word' id='word_1_121' title='bbox 313 1501 374 1544; x_wconf 89' lang='lat' dir='ltr'><strong>tio</strong></span> <span class='ocrx_word' id='word_1_122' title='bbox 396 1500 512 1560; x_wconf 90' lang='lat' dir='ltr'><strong>apud</strong></span> <span class='ocrx_word' id='word_1_123' title='bbox 534 1499 710 1543; x_wconf 89' lang='lat' dir='ltr'><strong>Eleusin</strong></span> <span class='ocrx_word' id='word_1_124' title='bbox 734 1516 758 1543; x_wconf 88' lang='lat' dir='ltr'><strong>a</strong></span> <span class='ocrx_word' id='word_1_125' title='bbox 778 1498 1049 1559; x_wconf 89' lang='lat' dir='ltr'><strong>Triptolemo</strong></span> <span class='ocrx_word' id='word_1_126' title='bbox 1066 1508 1236 1558; x_wconf 87' lang='lat' dir='ltr'><strong>reperta</strong></span> <span class='ocrx_word' id='word_1_127' title='bbox 1260 1508 1325 1541; x_wconf 91' lang='lat' dir='ltr'><strong>est</strong></span> <span class='ocrx_word' id='word_1_128' title='bbox 1345 1515 1352 1541; x_wconf 93' lang='lat'>:</span> <span class='ocrx_word' id='word_1_129' title='bbox 1378 1499 1421 1540; x_wconf 94' lang='lat' dir='ltr'><strong>in</strong></span> <span class='ocrx_word' id='word_1_130' title='bbox 1444 1498 1568 1558; x_wconf 86' lang='lat' dir='ltr'><strong>cujus</strong></span> <span class='ocrx_word' id='word_1_131' title='bbox 1590 1515 1684 1541; x_wconf 90' lang='lat' dir='ltr'><strong>mu-</strong></span> 
     </span>
     <span class='ocr_line' id='line_1_18' title="bbox 313 1579 1684 1638; baseline -0.001 -16"><span class='ocrx_word' id='word_1_132' title='bbox 313 1581 428 1623; x_wconf 86' lang='lat' dir='ltr'><strong>neris</strong></span> <span class='ocrx_word' id='word_1_133' title='bbox 441 1580 652 1623; x_wconf 87' lang='lat' dir='ltr'><strong>honorem</strong></span> <span class='ocrx_word' id='word_1_134' title='bbox 664 1589 812 1623; x_wconf 92' lang='lat' dir='ltr'><strong>noctes</strong></span> <span class='ocrx_word' id='word_1_135' title='bbox 825 1580 1059 1622; x_wconf 88' lang='lat' dir='ltr'><strong>Initiorum</strong></span> <span class='ocrx_word' id='word_1_136' title='bbox 1077 1588 1265 1621; x_wconf 74' lang='lat' dir='ltr'><strong>sacratae.</strong></span> <span class='ocrx_word' id='word_1_137' title='bbox 1279 1579 1440 1621; x_wconf 92' lang='lat' dir='ltr'><strong>Tenuit</strong></span> <span class='ocrx_word' id='word_1_138' title='bbox 1454 1587 1497 1620; x_wconf 91' lang='lat' dir='ltr'><strong>et</strong></span> <span class='ocrx_word' id='word_1_139' title='bbox 1511 1579 1684 1638; x_wconf 82' lang='lat' dir='ltr'><strong>AEgeus,</strong></span> 
     </span>
     <span class='ocr_line' id='line_1_19' title="bbox 312 1657 1684 1719; baseline -0.002 -16"><span class='ocrx_word' id='word_1_140' title='bbox 312 1660 467 1703; x_wconf 92' lang='lat' dir='ltr'><strong>Thesei</strong></span> <span class='ocrx_word' id='word_1_141' title='bbox 489 1669 637 1719; x_wconf 88' lang='lat' dir='ltr'><strong>pater,</strong></span> <span class='ocrx_word' id='word_1_142' title='bbox 663 1659 845 1702; x_wconf 89' lang='lat' dir='ltr'><strong>Athenis</strong></span> <span class='ocrx_word' id='word_1_143' title='bbox 868 1675 1052 1719; x_wconf 83' lang='lat' dir='ltr'><strong>regnum</strong></span> <span class='ocrx_word' id='word_1_144' title='bbox 1071 1675 1078 1701; x_wconf 92' lang='lat'>:</span> <span class='ocrx_word' id='word_1_145' title='bbox 1105 1674 1128 1701; x_wconf 88' lang='lat' dir='ltr'><strong>a</strong></span> <span class='ocrx_word' id='word_1_146' title='bbox 1150 1674 1236 1717; x_wconf 91' lang='lat' dir='ltr'><strong>quo</strong></span> <span class='ocrx_word' id='word_1_147' title='bbox 1253 1674 1329 1717; x_wconf 91' lang='lat' dir='ltr'><strong>per</strong></span> <span class='ocrx_word' id='word_1_148' title='bbox 1351 1657 1586 1700; x_wconf 88' lang='lat' dir='ltr'><strong>divortium</strong></span> <span class='ocrx_word' id='word_1_149' title='bbox 1610 1657 1684 1700; x_wconf 89' lang='lat' dir='ltr'><strong>de-</strong></span> 
     </span>
     <span class='ocr_line' id='line_1_20' title="bbox 313 1736 1685 1798; baseline -0.002 -16"><span class='ocrx_word' id='word_1_150' title='bbox 313 1739 468 1782; x_wconf 87' lang='lat' dir='ltr'><strong>cedens</strong></span> <span class='ocrx_word' id='word_1_151' title='bbox 495 1738 667 1794; x_wconf 88' lang='lat' dir='ltr'><strong>Medea,</strong></span> <span class='ocrx_word' id='word_1_152' title='bbox 692 1748 870 1798; x_wconf 90' lang='lat' dir='ltr'><strong>propter</strong></span> <span class='ocrx_word' id='word_1_153' title='bbox 905 1736 1099 1781; x_wconf 85' lang='lat' dir='ltr'><strong>adultam</strong></span> <span class='ocrx_word' id='word_1_154' title='bbox 1134 1738 1322 1797; x_wconf 82' lang='lat' dir='ltr'><strong>privigni</strong></span> <span class='ocrx_word' id='word_1_155' title='bbox 1356 1746 1544 1792; x_wconf 83' lang='lat' dir='ltr'><strong>aetatem,</strong></span> <span class='ocrx_word' id='word_1_156' title='bbox 1583 1736 1685 1782; x_wconf 91' lang='lat' dir='ltr'><strong>Col-</strong></span> 
     </span>
     <span class='ocr_line' id='line_1_21' title="bbox 314 1817 1687 1876; baseline -0.001 -15"><span class='ocrx_word' id='word_1_157' title='bbox 314 1818 417 1861; x_wconf 92' lang='lat' dir='ltr'><strong>chos</strong></span> <span class='ocrx_word' id='word_1_158' title='bbox 441 1834 540 1861; x_wconf 89' lang='lat' dir='ltr'><strong>cum</strong></span> <span class='ocrx_word' id='word_1_159' title='bbox 563 1818 694 1861; x_wconf 88' lang='lat' dir='ltr'><strong>Medo</strong></span> <span class='ocrx_word' id='word_1_160' title='bbox 718 1817 825 1873; x_wconf 85' lang='lat' dir='ltr'><strong>filio,</strong></span> <span class='ocrx_word' id='word_1_161' title='bbox 849 1834 900 1860; x_wconf 84' lang='lat' dir='ltr'><strong>ex</strong></span> <span class='ocrx_word' id='word_1_162' title='bbox 924 1818 1057 1876; x_wconf 83' lang='lat' dir='ltr'><strong>AEgeo</strong></span> <span class='ocrx_word' id='word_1_163' title='bbox 1081 1826 1298 1876; x_wconf 84' lang='lat' dir='ltr'><strong>susceptO,</strong></span> <span class='ocrx_word' id='word_1_164' title='bbox 1328 1817 1551 1859; x_wconf 88' lang='lat' dir='ltr'><strong>concessit.</strong></span> <span class='ocrx_word' id='word_1_165' title='bbox 1581 1818 1687 1860; x_wconf 84' lang='lat' dir='ltr'><strong>Post</strong></span> 
     </span>
     <span class='ocr_line' id='line_1_22' title="bbox 315 1893 1685 1957; baseline -0.002 -17"><span class='ocrx_word' id='word_1_166' title='bbox 315 1898 497 1957; x_wconf 83' lang='lat' dir='ltr'><strong>AEgeum</strong></span> <span class='ocrx_word' id='word_1_167' title='bbox 523 1897 737 1951; x_wconf 83' lang='lat' dir='ltr'><strong>Theseus,</strong></span> <span class='ocrx_word' id='word_1_168' title='bbox 772 1912 821 1939; x_wconf 86' lang='lat' dir='ltr'><strong>ac</strong></span> <span class='ocrx_word' id='word_1_169' title='bbox 849 1895 1005 1938; x_wconf 90' lang='lat' dir='ltr'><strong>deinde</strong></span> <span class='ocrx_word' id='word_1_170' title='bbox 1037 1895 1192 1938; x_wconf 87' lang='lat' dir='ltr'><strong>Thesei</strong></span> <span class='ocrx_word' id='word_1_171' title='bbox 1221 1893 1335 1937; x_wconf 91' lang='lat' dir='ltr'><strong>filius</strong></span> <span class='ocrx_word' id='word_1_172' title='bbox 1370 1894 1685 1954; x_wconf 85' lang='lat' dir='ltr'><strong>Demophoon,</strong></span> 
     </span>
     <span class='ocr_line' id='line_1_23' title="bbox 314 1972 1688 2036; baseline -0.001 -17"><span class='ocrx_word' id='word_1_173' title='bbox 314 1977 388 2036; x_wconf 91' lang='lat' dir='ltr'><strong>qui</strong></span> <span class='ocrx_word' id='word_1_174' title='bbox 405 1974 615 2019; x_wconf 76' lang='lat' dir='ltr'><strong>auxilium</strong></span> <span class='ocrx_word' id='word_1_175' title='bbox 632 1976 794 2019; x_wconf 82' lang='lat' dir='ltr'><strong>Graecis</strong></span> <span class='ocrx_word' id='word_1_176' title='bbox 811 1974 1016 2018; x_wconf 80' lang='lat' dir='ltr'><strong>adversus</strong></span> <span class='ocrx_word' id='word_1_177' title='bbox 1031 1974 1241 2033; x_wconf 86' lang='lat' dir='ltr'><strong>Trojanos</strong></span> <span class='ocrx_word' id='word_1_178' title='bbox 1255 1972 1374 2028; x_wconf 88' lang='lat' dir='ltr'><strong>tulit,</strong></span> <span class='ocrx_word' id='word_1_179' title='bbox 1391 1989 1574 2033; x_wconf 84' lang='lat' dir='ltr'><strong>regnum</strong></span> <span class='ocrx_word' id='word_1_180' title='bbox 1591 1990 1688 2034; x_wconf 91' lang='lat' dir='ltr'><strong>pos-</strong></span> 
     </span>
     <span class='ocr_line' id='line_1_24' title="bbox 315 2050 1685 2098; baseline -0.002 0"><span class='ocrx_word' id='word_1_181' title='bbox 315 2054 438 2098; x_wconf 86' lang='lat' dir='ltr'><strong>sedit.</strong></span> <span class='ocrx_word' id='word_1_182' title='bbox 468 2057 605 2098; x_wconf 84' lang='lat' dir='ltr'><strong>Erant</strong></span> <span class='ocrx_word' id='word_1_183' title='bbox 628 2056 740 2097; x_wconf 90' lang='lat' dir='ltr'><strong>inter</strong></span> <span class='ocrx_word' id='word_1_184' title='bbox 768 2054 1053 2098; x_wconf 88' lang='lat' dir='ltr'><strong>Athenienses</strong></span> <span class='ocrx_word' id='word_1_185' title='bbox 1077 2062 1119 2095; x_wconf 87' lang='lat' dir='ltr'><strong>et</strong></span> <span class='ocrx_word' id='word_1_186' title='bbox 1146 2053 1381 2096; x_wconf 88' lang='lat' dir='ltr'><strong>Dorienses</strong></span> <span class='ocrx_word' id='word_1_187' title='bbox 1417 2050 1685 2095; x_wconf 86' lang='lat' dir='ltr'><strong>simultatum</strong></span> 
     </span>
     <span class='ocr_line' id='line_1_25' title="bbox 314 2130 1688 2193; baseline -0.002 -17"><span class='ocrx_word' id='word_1_188' title='bbox 314 2144 481 2178; x_wconf 86' lang='lat' dir='ltr'><strong>veteres</strong></span> <span class='ocrx_word' id='word_1_189' title='bbox 516 2134 689 2178; x_wconf 87' lang='lat' dir='ltr'><strong>offensae</strong></span> <span class='ocrx_word' id='word_1_190' title='bbox 720 2151 728 2176; x_wconf 88' lang='lat'><strong>:</strong></span> <span class='ocrx_word' id='word_1_191' title='bbox 760 2150 866 2193; x_wconf 89' lang='lat' dir='ltr'><strong>quas</strong></span> <span class='ocrx_word' id='word_1_192' title='bbox 900 2133 1161 2176; x_wconf 78' lang='lat' dir='ltr'><strong>vindicaturi</strong></span> <span class='ocrx_word' id='word_1_193' title='bbox 1194 2130 1309 2175; x_wconf 89' lang='lat' dir='ltr'><strong>bello</strong></span> <span class='ocrx_word' id='word_1_194' title='bbox 1338 2133 1599 2187; x_wconf 83' lang='lat' dir='ltr'><strong>Dorienses,</strong></span> <span class='ocrx_word' id='word_1_195' title='bbox 1636 2132 1688 2174; x_wconf 85' lang='lat' dir='ltr'><strong>de</strong></span> 
     </span>
     <span class='ocr_line' id='line_1_26' title="bbox 315 2211 1686 2273; baseline -0.001 -18"><span class='ocrx_word' id='word_1_196' title='bbox 315 2223 472 2257; x_wconf 86' lang='lat' dir='ltr'><strong>eventu</strong></span> <span class='ocrx_word' id='word_1_197' title='bbox 492 2212 633 2273; x_wconf 86' lang='lat' dir='ltr'><strong>proelii</strong></span> <span class='ocrx_word' id='word_1_198' title='bbox 648 2212 824 2256; x_wconf 87' lang='lat' dir='ltr'><strong>oracula</strong></span> <span class='ocrx_word' id='word_1_199' title='bbox 841 2211 1169 2255; x_wconf 87' lang='lat' dir='ltr'><strong>consuluerunt.</strong></span> <span class='ocrx_word' id='word_1_200' title='bbox 1187 2213 1464 2270; x_wconf 88' lang='lat' dir='ltr'><strong>Responsum</strong></span> <span class='ocrx_word' id='word_1_201' title='bbox 1481 2245 1491 2265; x_wconf 88' lang='lat'><strong>,</strong></span> <span class='ocrx_word' id='word_1_202' title='bbox 1515 2229 1535 2249; x_wconf 88' lang='lat'>«</span> <span class='ocrx_word' id='word_1_203' title='bbox 1549 2212 1686 2270; x_wconf 92' lang='lat' dir='ltr'><strong>Supe-</strong></span> 
     </span>
     <span class='ocr_line' id='line_1_27' title="bbox 316 2290 1688 2353; baseline -0.002 -17"><span class='ocrx_word' id='word_1_204' title='bbox 316 2294 450 2336; x_wconf 84' lang='lat' dir='ltr'><strong>riores</strong></span> <span class='ocrx_word' id='word_1_205' title='bbox 477 2292 593 2348; x_wconf 89' lang='lat' dir='ltr'><strong>fore,</strong></span> <span class='ocrx_word' id='word_1_206' title='bbox 614 2294 657 2335; x_wconf 88' lang='lat' dir='ltr'><strong>ni</strong></span> <span class='ocrx_word' id='word_1_207' title='bbox 684 2309 830 2353; x_wconf 84' lang='lat' dir='ltr'><strong>regem</strong></span> <span class='ocrx_word' id='word_1_208' title='bbox 852 2292 1183 2336; x_wconf 88' lang='lat' dir='ltr'><strong>Atheniensium</strong></span> <span class='ocrx_word' id='word_1_209' title='bbox 1208 2290 1521 2333; x_wconf 84' lang='lat' dir='ltr'><strong>occidissent.»</strong></span> <span class='ocrx_word' id='word_1_210' title='bbox 1536 2290 1688 2346; x_wconf 85' lang='lat' dir='ltr'><strong>Quum</strong></span> 
     </span>
     <span class='ocr_line' id='line_1_28' title="bbox 316 2369 1688 2427; baseline -0.002 -12"><span class='ocrx_word' id='word_1_211' title='bbox 316 2382 495 2415; x_wconf 89' lang='lat' dir='ltr'><strong>ventum</strong></span> <span class='ocrx_word' id='word_1_212' title='bbox 517 2382 628 2415; x_wconf 89' lang='lat' dir='ltr'><strong>esset</strong></span> <span class='ocrx_word' id='word_1_213' title='bbox 651 2373 694 2414; x_wconf 91' lang='lat' dir='ltr'><strong>in</strong></span> <span class='ocrx_word' id='word_1_214' title='bbox 722 2370 904 2427; x_wconf 87' lang='lat' dir='ltr'><strong>bellum,</strong></span> <span class='ocrx_word' id='word_1_215' title='bbox 930 2370 1141 2413; x_wconf 88' lang='lat' dir='ltr'><strong>militibus</strong></span> <span class='ocrx_word' id='word_1_216' title='bbox 1167 2380 1266 2413; x_wconf 84' lang='lat' dir='ltr'><strong>ante</strong></span> <span class='ocrx_word' id='word_1_217' title='bbox 1294 2370 1467 2425; x_wconf 89' lang='lat' dir='ltr'><strong>omnia,</strong></span> <span class='ocrx_word' id='word_1_218' title='bbox 1491 2369 1688 2413; x_wconf 87' lang='lat' dir='ltr'><strong>custodia</strong></span> 
     </span>
     <span class='ocr_line' id='line_1_29' title="bbox 316 2449 1688 2512; baseline -0.001 -18"><span class='ocrx_word' id='word_1_219' title='bbox 316 2453 429 2512; x_wconf 87' lang='lat' dir='ltr'><strong>regis</strong></span> <span class='ocrx_word' id='word_1_220' title='bbox 451 2452 713 2511; x_wconf 78' lang='lat' dir='ltr'><strong>praecipitur.</strong></span> <span class='ocrx_word' id='word_1_221' title='bbox 744 2450 1084 2495; x_wconf 83' lang='lat' dir='ltr'><strong>Atheniensibus</strong></span> <span class='ocrx_word' id='word_1_222' title='bbox 1110 2466 1160 2492; x_wconf 92' lang='lat' dir='ltr'><strong>eo</strong></span> <span class='ocrx_word' id='word_1_223' title='bbox 1188 2459 1383 2509; x_wconf 86' lang='lat' dir='ltr'><strong>tempore</strong></span> <span class='ocrx_word' id='word_1_224' title='bbox 1412 2466 1487 2492; x_wconf 83' lang='lat' dir='ltr'><strong>rex</strong></span> <span class='ocrx_word' id='word_1_225' title='bbox 1515 2449 1688 2493; x_wconf 90' lang='lat' dir='ltr'><strong>Codrus</strong></span> 
     </span>
     <span class='ocr_line' id='line_1_30' title="bbox 316 2529 1688 2590; baseline -0.001 -17"><span class='ocrx_word' id='word_1_226' title='bbox 316 2540 434 2573; x_wconf 87' lang='lat' dir='ltr'><strong>erat:</strong></span> <span class='ocrx_word' id='word_1_227' title='bbox 451 2531 525 2590; x_wconf 88' lang='lat' dir='ltr'><strong>qui</strong></span> <span class='ocrx_word' id='word_1_228' title='bbox 547 2541 589 2573; x_wconf 89' lang='lat' dir='ltr'><strong>et</strong></span> <span class='ocrx_word' id='word_1_229' title='bbox 612 2547 821 2590; x_wconf 83' lang='lat' dir='ltr'><strong>responso</strong></span> <span class='ocrx_word' id='word_1_230' title='bbox 859 2530 946 2585; x_wconf 84' lang='lat' dir='ltr'><strong>dei,</strong></span> <span class='ocrx_word' id='word_1_231' title='bbox 962 2539 1004 2572; x_wconf 90' lang='lat' dir='ltr'><strong>et</strong></span> <span class='ocrx_word' id='word_1_232' title='bbox 1024 2531 1246 2589; x_wconf 61' lang='lat' dir='ltr'><strong>praeceptis</strong></span> <span class='ocrx_word' id='word_1_233' title='bbox 1269 2529 1460 2572; x_wconf 88' lang='lat' dir='ltr'><strong>hostium</strong></span> <span class='ocrx_word' id='word_1_234' title='bbox 1485 2529 1688 2588; x_wconf 78' lang='lat' dir='ltr'><strong>cognitis,</strong></span> 
     </span>
    </p>
   </div>
   <div class='ocr_carea' id='block_1_3' title="bbox 317 2606 1689 2670">
    <p class='ocr_par' dir='ltr' id='par_1_3' title="bbox 317 2606 1689 2670">
     <span class='ocr_line' id='line_1_31' title="bbox 317 2606 1689 2670; baseline -0.002 -18"><span class='ocrx_word' id='word_1_235' title='bbox 317 2619 564 2668; x_wconf 83' lang='lat' dir='ltr'><strong>permutato</strong></span> <span class='ocrx_word' id='word_1_236' title='bbox 599 2611 709 2670; x_wconf 79' lang='lat' dir='ltr'><strong>regis</strong></span> <span class='ocrx_word' id='word_1_237' title='bbox 735 2609 905 2663; x_wconf 86' lang='lat' dir='ltr'><strong>habitu,</strong></span> <span class='ocrx_word' id='word_1_238' title='bbox 938 2626 1181 2668; x_wconf 77' lang='lat' dir='ltr'><strong>pannosus,</strong></span> <span class='ocrx_word' id='word_1_239' title='bbox 1220 2618 1435 2652; x_wconf 82' lang='lat' dir='ltr'><strong>sarmenta</strong></span> <span class='ocrx_word' id='word_1_240' title='bbox 1467 2606 1580 2650; x_wconf 87' lang='lat' dir='ltr'><strong>collo</strong></span> <span class='ocrx_word' id='word_1_241' title='bbox 1617 2624 1689 2667; x_wconf 78' lang='lat' dir='ltr'><strong>gc-</strong></span> 
     </span>
    </p>
   </div>
  </div>
 </body>
</html>
