1783 3282
493 236 835 271 HISTORIARUM
864 237 952 269 LlB.
976 239 1016 269 V.
1389 236 1434 272 55

75 318 264 362 clinatio.
295 320 435 379 Igitur
465 320 666 363 omnibus
700 334 788 361 non
828 318 1029 361 humanis
1060 329 1248 375 tantum,
1286 338 1433 365 verum

75 408 117 440 et
144 397 300 440 divinis
328 414 426 440 eum
454 397 694 441 honoribus
721 405 926 450 onerant;
955 405 1124 439 certant
1152 414 1296 442 secum
1324 401 1435 460 ipsi,

75 486 223 519 utrum
255 475 609 519 contumeliosius
640 492 739 519 eum
764 473 1031 535 expulerint,
1060 491 1115 517 an
1140 480 1436 521 revocaverint

74 554 340 598 honoratius.
376 557 498 615 Ipsos
536 554 597 598 illi
635 555 736 598 deos
775 553 1043 615 gratulantes
1077 552 1214 596 tulere
1247 555 1436 611 obviam,

73 649 260 692 quorum
284 634 652 677 exsecrationibus
675 642 767 676 erat
791 633 998 687 devotus3
1027 643 1070 676 et
1091 633 1159 676 cui
1186 631 1317 691 paulo
1339 644 1437 676 ante

73 728 247 755 omnem
276 713 513 756 humanam
536 728 664 772 opem
693 711 1029 765 interdixerant,
1054 727 1175 765 eum,
1199 710 1233 754 si
1260 722 1438 770 queant,

73 792 118 834 in
143 790 251 835 coelo
279 792 472 850 posuisse
499 792 697 850 cupiunt.
726 789 914 850 Explent
946 788 1230 832 contumelias
1262 789 1440 833 honori-

74 869 170 924 bus,
190 869 453 912 detrimenta
476 869 749 923 muneribus,
772 869 1087 912 exsecrationes
1109 868 1322 928 precibus.
1338 870 1439 913 Non

23 974 30 983 ·
72 947 228 992 Siciliae
250 947 334 991 illis
357 948 535 991 adversa
558 965 704 1008 pugna
728 949 772 991 in
797 964 871 991 ore
893 957 983 1003 est,
1009 947 1084 990 sed
1105 948 1283 991 Graeciae
1305 949 1440 991 victo-

72 1028 137 1070 ria
162 1044 170 1070 τ
199 1044 287 1071 non
322 1026 475 1071 classes
504 1044 582 1087 per
613 1026 735 1071 illum
763 1028 954 1082 arnissae,
982 1027 1057 1071 sed
1089 1028 1334 1086 acquisitae3
1362 1045 1439 1071 ncc

72 1107 406 1166 Syracusarum,
423 1106 497 1150 sed
510 1107 645 1149 Ioniae
661 1105 1022 1166 Hellespontique
1046 1107 1354 1149 meminerunt.
1372 1108 1441 1150 Sic

73 1184 317 1229 Alcibiades
343 1202 567 1244 nunquam
594 1185 903 1239 mediocribus,
921 1187 1061 1228 necin
1081 1185 1265 1240 offensa,
1295 1202 1373 1228 nec
1397 1187 1439 1227 in

72 1264 238 1317 favore,
263 1263 416 1306 studiis
445 1280 623 1307 suorum
645 1273 851 1323 exceptus
876 1274 952 1306 est.

135 1345 188 1386 V.
208 1345 326 1386 Dum
346 1342 436 1386 haec
451 1353 660 1403 aguntur,
681 1359 704 1385 a
719 1342 1057 1386 Lacedaemoniis
1078 1342 1298 1402 Lysander
1319 1341 1439 1385 classi

71 1420 271 1481 belloque
308 1421 564 1481 praeficitur3
600 1431 644 1465 et
678 1422 721 1465 in
758 1421 901 1465 locum
938 1421 1236 1480 Tissaphernis
1259 1422 1441 1475 Darius,

73 1517 152 1543 rex
173 1502 429 1555 Persarum,
452 1500 592 1543 filium
606 1517 733 1544 suum
752 1502 916 1560 Cyrum
934 1501 1068 1543 Ioniae
1089 1500 1321 1559 Lydiaeque
1337 1516 1442 1559 prae-

73 1580 217 1639 posuit
246 1597 254 1622 :
282 1580 356 1639 qui
390 1579 741 1623 Lacedaemonios
776 1578 944 1622 auxiliis
970 1579 1211 1638 opibusque
1241 1578 1294 1621 ad
1323 1594 1439 1638 spem

73 1658 258 1701 fortunae
284 1659 441 1718 prioris
470 1659 619 1701 erexit.
655 1659 783 1702 Aucti
821 1659 954 1718 igitur
984 1657 1145 1700 viribus
1173 1656 1440 1701 Alcibiadem

74 1754 174 1780 cum
202 1747 379 1781 centum
416 1738 597 1780 navibus
628 1737 672 1780 in
700 1738 846 1781 Asiam
871 1736 1143 1796 profectum,
1179 1736 1284 1779 dum
1318 1751 1442 1796 agros·

74 1815 203 1877 longa
230 1832 338 1876 pace
360 1816 516 1859 divites
544 1817 736 1860 securius
762 1815 1025 1876 populatur,
1051 1825 1093 1858 et
1116 1815 1270 1877 praedae
1297 1815 1444 1859 dulce-

75 1895 175 1937 dine
199 1895 290 1938 sine
315 1894 571 1937 insidiarum
594 1904 714 1937 metu
729 1911 899 1954 sparsos
924 1893 1083 1937 milites
1108 1894 1262 1947 habet,
1287 1911 1442 1954 repew

74 1974 167 2016 tino
190 1973 380 2017 adventu
406 1990 682 2034 oppressere:
700 1983 905 2033 tantaque
928 1973 1062 2017 caedes
1076 1972 1318 2034 palantium
1338 1973 1443 2027 fuit,

74 2062 122 2095 ut
145 2052 242 2112 plus
264 2052 456 2096 vulneris
476 2070 526 2096 eo
551 2052 704 2113 proelio
723 2053 1009 2097 Athenienses
1029 2053 1294 2113 acciperent,
1313 2067 1441 2111 quani

74 2132 370 2192 superioribus
394 2132 605 2175 dederant
632 2149 640 2174 ε
665 2141 706 2175 et
730 2142 850 2175 tanta
883 2131 1128 2191 desperatio
1162 2130 1278 2190 apud
1307 2131 1442 2174 Athe--

76 2212 244 2254 nienscs
269 2221 380 2266 erat,
403 2221 450 2254 ut
470 2228 521 2254 ex
545 2212 790 2254 continenti
813 2210 1082 2254 Alcibiadem
1097 2210 1252 2253 ducem
1263 2211 1443 2254 Conone

76 2300 324 2342 mutarent3
357 2291 636 2345 arbitrantes,
660 2292 797 2334 victos
831 2307 874 2333 se
905 2307 993 2333 non
1025 2289 1202 2333 fortuna
1225 2287 1348 2343 belli,
1372 2287 1443 2331 sed

76 2368 227 2412 fraude
261 2370 564 2427 imperatoris:
597 2370 714 2430 apud
745 2386 875 2430 quem
909 2368 1006 2429 plus
1038 2370 1158 2429 prior
1183 2367 1346 2411 offensa
1376 2383 1443 2410 va-

77 2447 248 2502 luisset,
286 2463 416 2506 quam
454 2450 644 2493 recentia
685 2446 906 2492 beneficia.
951 2449 1116 2492 Vicisse
1157 2456 1302 2490 autem
1346 2461 1442 2489 euni

79 2527 222 2586 priore
252 2525 367 2569 bello
399 2526 495 2569 ideo
521 2536 711 2581 tantum,
744 2537 791 2570 ut
819 2527 1068 2570 ostenderet
1099 2526 1292 2569 hostibus
1316 2540 1441 2584 quem

79 2606 231 2649 (lucem
256 2607 535 2665 sprevissent,
560 2615 601 2648 et
624 2615 669 2648 ut
694 2607 833 2649 carius
858 2608 917 2649 eis
944 2608 1077 2665 ipsam
1105 2606 1329 2648 victoriam
1349 2620 1443 2646 ven--
