1783 3282
333 240 403 276 ιοὸ
921 243 939 275 J
944 242 1107 276 USTINI

331 325 460 367 simos
488 324 633 366 hostes
658 325 865 367 acerrime
887 341 1082 385 pugnare
1104 326 1420 384 conspexisset,
1445 342 1495 368 eo
1518 342 1561 368 se
1585 342 1694 368 sem·

329 418 407 460 per
453 402 706 462 ingerebat,
758 402 1036 463 periculaque
1088 418 1163 445 sua
1210 418 1320 458 esse,
1369 421 1457 446 non
1508 403 1693 447 militum

327 479 514 524 volebat.
542 483 634 524 Hoc
660 481 813 541 proelio
835 483 945 525 Asiae
976 482 1207 540 imperium
1232 483 1394 540 rapuit,
1421 483 1574 541 quinto
1599 493 1696 542 post

331 569 558 620 acceptum
591 577 773 620 regnum
809 576 924 603 anno
952 577 960 601 :
994 560 1117 619 cujus
1146 569 1264 603 tanta
1294 559 1473 604 felicitas
1506 561 1612 616 fuit,
1649 572 1696 604 ut

331 648 428 698 post
453 639 536 682 hoc
556 655 683 682 nemo
715 637 924 682 rebellare
949 654 1076 681 ausus
1105 639 1179 693 sit,
1206 640 1504 698 patienterque
1529 642 1693 695 Persae,

330 727 429 778 post
463 718 694 778 imperium
733 726 797 759 tot
829 733 1066 774 annorum,
1089 718 1243 777 jugum
1271 718 1488 760 servitutis
1523 733 1696 779 accepe-

330 797 430 839 rint.
465 797 651 839 Donatis
687 796 946 855 refectisque
980 794 1190 839 militibus
1222 812 1351 839 xxx1v
1385 795 1557 852 diebus,
1594 814 1696 857 prae-

335 874 435 918 dam
450 876 714 935 recognovit.
744 877 795 917 In
819 875 926 917 urbe
950 874 1105 917 deinde
1129 876 1236 918 Susa
1256 891 1311 918 xL
1329 873 1462 918 millia
1484 873 1694 919 talentum

331 955 507 997 invenit.
543 956 774 1013 Expugnat
811 962 853 996 et
891 952 1175 1012 Persepolim,
1214 964 1343 1013 caput
1367 955 1522 1014 persici
1547 957 1694 1016 regni,

338 1035 487 1076 urbem
513 1032 661 1076 multis
687 1033 809 1075 annis
842 1031 1080 1086 illustrem,
1107 1032 1397 1092 refertamque
1422 1034 1536 1077 orbis
1564 1044 1697 1078 terra-

337 1128 428 1155 rum
451 1109 617 1171 spoliis,
642 1127 736 1170 quae
762 1110 941 1153 interitu
969 1111 1059 1170 ejus
1084 1110 1274 1171 primum
1297 1128 1548 1171 apparuere.
1575 1114 1696 1156 Inter

331 1191 419 1234 haec
453 1205 562 1234 DCCC
595 1188 830 1232 admodum
870 1189 1012 1233 Graeci
1041 1199 1279 1233 occurrunt
1311 1188 1579 1246 Alexandro,
1623 1208 1696 1251 qui

332 1285 501 1328 poenam
524 1269 784 1328 captivitatis
806 1277 1006 1311 truncata
1031 1270 1225 1328 corporis
1251 1279 1372 1329 parte
1396 1269 1614 1325 tulerant,
1633 1287 1698 1313 ro-

332 1357 499 1407 gantes,
515 1357 582 1402 ut,
607 1348 775 1390 «Sicuti
797 1347 1029 1394 Graeciam.
1048 1363 1093 1389 se
1117 1363 1290 1407 quoque
1316 1348 1367 1390 ab
1390 1348 1580 1391 hostium
1601 1365 1695 1391 cru-

331 1426 506 1470 delitate
529 1426 819 1470 vindicaret.»
837 1427 951 1469 Data
976 1433 1187 1485 potestate
1211 1426 1446 1481 redeundi,
1471 1443 1596 1486 agros
1632 1443 1696 1470 ac·
1753 1416 1755 1418 .

332 1506 474 1564 cipere
518 1504 785 1559 maluerunt,
831 1521 885 1547 ne
924 1520 1009 1546 non
1053 1513 1139 1547 tam
1177 1504 1382 1564 gaudium
1420 1506 1693 1564 parentibus,

331 1600 461 1642 quam
487 1583 790 1626 detestandum
813 1585 878 1626 sui
898 1593 1177 1642 conspectum
1201 1593 1488 1642 reportarent.

393 1665 490 1706 XV.
533 1665 705 1706 Interea
740 1663 897 1706 Darius
933 1664 975 1705 in
1018 1663 1198 1722 gratiam
1238 1663 1411 1705 victoris
1443 1679 1466 1705 a
1502 1665 1695 1722 cognatis

332 1743 438 1793 suis,
465 1743 604 1784 aureis
639 1741 921 1801 compedibus
954 1742 1199 1800 catenisque
1230 1742 1273 1783 in
1312 1742 1404 1784 vico
1431 1741 1694 1784 Parthorum

330 1821 473 1864 Thara
500 1821 690 1864 vincitur
717 1838 725 1863 :
754 1820 903 1875 credO,
927 1821 986 1863 ita
1015 1820 1096 1863 diis
1129 1819 1448 1863 immortalibus
1469 1820 1698 1880 judicanti-

331 1900 436 1955 bus,
463 1909 510 1942 ut
538 1900 582 1942 in
616 1909 730 1942 terra
761 1915 938 1953 eorum,
964 1899 1039 1958 qui
1075 1900 1312 1942 successuri
1338 1900 1520 1958 imperio
1545 1909 1695 1951 erant,

331 1981 560 2022 Persarum
598 1995 780 2039 regnum
822 1978 1031 2021 finiretur.
1071 1977 1314 2022 Alexander
1350 1994 1523 2037 quoque
1563 1979 1696 2022 citato

331 2075 460 2103 cursu
496 2068 667 2118 postera
698 2059 767 2102 die
801 2060 1073 2119 supervenit,
1106 2058 1252 2117 ibique
1282 2059 1487 2118 cognovit
1510 2059 1694 2101 Darium

332 2136 478 2180 clauso
513 2137 713 2181 vehiculo
749 2154 826 2197 per
862 2147 1035 2180 noctem
1070 2147 1358 2197 exportatum.
1396 2140 1519 2180 Jusso
1551 2138 1695 2197 itaque

331 2217 522 2260 exercitu
548 2217 769 2276 subsequi,
798 2233 895 2260 cum
921 2234 993 2260 sex
1021 2216 1210 2260 millibus
1239 2218 1432 2276 equitum
1459 2216 1695 2276 fugientem

333 2296 574 2355 insequitur
599 2313 607 2338 :
634 2297 678 2338 in
708 2296 861 2339 itinere
891 2295 1026 2338 multa
1060 2305 1100 2338 et
1137 2294 1377 2355 periculosa
1402 2294 1552 2355 proelia
1580 2295 1694 2338 facit.

332 2378 541 2418 Emensus
578 2375 734 2418 deinde
769 2374 893 2435 plura
929 2373 1063 2417 millia
1098 2390 1324 2434 passuum,
1352 2391 1486 2434 quum
1526 2373 1696 2417 nullum

333 2455 453 2498 Darii
482 2455 692 2498 indicium
728 2455 976 2515 reperisset,
1009 2453 1252 2514 respirandi
1280 2454 1402 2513 equis
1430 2453 1530 2496 data
1554 2462 1695 2512 potes-

333 2544 436 2589 tate,
461 2551 572 2577 unus
601 2552 649 2578 ex
674 2533 902 2589 militibus,
923 2533 1027 2577 dum
1055 2533 1107 2577 ad
1133 2534 1297 2576 fontem
1327 2533 1575 2592 proximum
1599 2549 1696 2591 per-

332 2616 409 2673 git,
432 2616 474 2656 in
502 2614 699 2658 vehiculo
720 2616 925 2668 Darium,
955 2612 1099 2656 multis
1121 2612 1295 2672 quidem
1319 2610 1572 2654 vulneribus
1595 2627 1696 2653 con-
