1783 3282
295 234 364 279 178
578 232 767 267 JUSTINI
793 233 1144 268 HISTORIARUM
1172 234 1260 268 LlB.
1290 235 1368 269 XX.

291 320 573 377 Bergamum,
598 315 1143 372 Tridentum,Vicentiam
1171 316 1475 359 condiderunt.
1502 315 1661 360 Thusci

293 412 488 455 quoque,
518 395 627 440 duce
656 395 833 452 Rhaeto,
864 396 990 439 avitis
1018 394 1191 437 sedibus
1216 395 1408 451 amissis,
1430 394 1562 454 Alpes
1587 411 1665 438 roc·

293 491 533 535 cupavere3
558 484 600 518 et
627 492 677 518 ex
703 475 881 519 nomine
907 474 1027 517 ducis
1053 483 1203 532 gentes
1228 474 1484 518 Rhaetorum
1514 474 1666 518 condi-

292 554 464 597 derunt.
493 554 577 598 Sed
602 554 863 613 Dionysium
894 554 940 595 in
969 551 1161 596 Siciliam
1190 551 1402 596 adventus
1432 555 1663 614 Carthagi-

295 634 510 676 niensium
529 635 750 677 revocavit
769 650 777 675 2
797 633 871 691 qui
885 641 1090 693 reparato
1110 632 1324 687 exercitu,
1341 630 1526 687 bellum,
1542 632 1662 692 quod

292 712 362 756 lue
404 712 708 767 deseruerant,
743 713 881 755 auctis
917 712 1083 755 viribus
1122 711 1390 771 repetebant.
1428 714 1531 756 Dux
1562 711 1663 755 belli

294 795 452 836 Hanno
482 792 856 853 Carthaginiensis
891 801 1016 835 erat:
1047 792 1170 852 cujus
1199 791 1402 835 inimicus
1436 791 1661 846 Sufflatus,

291 873 616 932 potentissimus
630 889 681 915 ea
704 881 961 931 tempestate
982 874 1241 925 Poenorum,
1265 887 1402 930 quum
1426 870 1529 913 odio
1553 871 1661 930 ejus,

293 951 441 1011 graecis
475 949 653 1005 litteris,
685 951 898 1010 Dionysio
923 950 1162 993 adventum
1187 951 1400 993 exercitus
1417 984 1428 1005 ,
1453 960 1495 993 et
1521 951 1664 1010 segni-

293 1032 396 1073 tiem
445 1031 566 1074 ducis
618 1029 890 1073 familiariter
930 1031 1293 1090 praenuntiasset,
1337 1030 1662 1090 comprehensis

293 1109 510 1171 epistolis,
542 1109 802 1170 proditionis
829 1109 1063 1153 damnatur
1094 1109 1208 1153 facto
1239 1119 1411 1152 senatus
1438 1108 1664 1166 consulto,

292 1210 312 1231 a
326 1207 378 1233 ne
402 1191 498 1250 quis
523 1199 672 1250 postea
697 1190 1071 1250 Carthaginiensis
1096 1199 1172 1233 aut
1196 1188 1352 1232 litteris
1380 1189 1556 1250 graecis,
1593 1200 1669 1232 aut

293 1270 484 1313 sermoni
505 1269 727 1326 studeret,
754 1285 808 1312 ne
833 1279 908 1312 aut
934 1268 1054 1329 loqui
1082 1286 1179 1312 cum
1194 1269 1345 1324 hoste,
1371 1278 1447 1312 aut
1480 1268 1668 1311 scribere

292 1348 384 1392 sine
425 1349 662 1409 interprete
707 1358 902 1409 posset.»
941 1350 1035 1393 Nec
1078 1347 1217 1391 multo
1264 1358 1361 1407 post
1406 1348 1667 1407 Dionysius,

293 1444 424 1487 quem
451 1426 583 1488 paulo
617 1438 717 1471 ante
752 1444 840 1471 non
871 1427 1039 1483 Sicilia,
1073 1445 1161 1470 non
1188 1426 1313 1470 Italia
1344 1427 1571 1487 capiebat,
1603 1443 1669 1469 as-

294 1506 427 1550 siduis
453 1505 555 1550 belli
593 1507 901 1551 certaminibus
934 1508 1073 1550 victus
1104 1507 1380 1566 fractusque,
1409 1505 1577 1549 insidiis
1612 1505 1666 1548 ad

295 1595 563 1645 postremum
595 1602 774 1629 suorum
801 1585 1075 1629 interficitur.
