1783 3282
455 245 798 281 HISTORIARUM
828 248 913 282 LIB.
940 249 1020 283 VH.
1375 249 1419 292 7²¹³

54 331 213 373 omisso
242 329 375 383 bello,
402 330 575 388 nuptias
607 328 731 383 sacit3
757 329 1049 388 depositisque
1074 330 1302 375 hostilibus
1330 333 1423 375 ani-

55 410 155 464 mis,
178 409 221 450 in
245 407 468 450 affinitatis
488 409 588 466 jura
611 407 817 451 succedit.

115 488 192 529 IV.
221 489 325 530 Post
359 485 594 530 discessum
623 504 646 530 a
679 486 938 530 Macedonia
976 485 1180 541 Bubaris,
1215 490 1424 549 Amyntas

54 581 128 608 rex
150 563 346 608 decedit:
367 565 493 624 cujus
518 564 608 608 filio
632 574 674 608 et
694 565 935 608 successori
954 563 1201 608 Alexandro
1225 569 1425 625 cognatio

54 643 237 686 Bubaris
262 659 351 686 non
379 644 503 686 Darii
529 653 700 687 tantum
728 644 999 703 temporibus
1025 659 1175 702 pacem
1201 645 1425 702 praestitit,

53 738 206 765 verum
241 722 370 765 etiam
394 724 585 765 Xerxem
613 722 721 765 adeo
755 721 1026 778 conciliavit,
1052 731 1120 776 ut,
1144 739 1278 781 quum
1303 724 1426 766 Grae-

53 802 183 855 ciam,
206 800 340 844 veluti
367 810 599 860 tempestas
617 800 834 859 quaedam,
854 810 1128 860 occupasset,
1146 802 1259 843 inter
1279 800 1428 860 Olym-

54 896 159 939 pum
190 882 477 938 Haemumque
512 888 681 922 montes
715 880 849 922 totius
884 880 1074 940 regionis
1105 895 1205 922 eum
1243 880 1427 940 imperio

54 958 296 1001 donaverit.
317 958 400 1001 Sed
426 974 505 1001 nec
532 959 696 1002 virtute
719 959 883 1013 minus,
906 974 1038 1018 quam
1063 961 1294 1002 Persarum
1322 957 1427 1002 libe-

55 1036 245 1092 ralitate,
269 1053 453 1098 regnum
476 1036 716 1097 ampliavit.
743 1039 826 1080 Per
849 1037 1050 1080 ordinem
1076 1037 1233 1080 deinde
1255 1053 1429 1081 succes-

55 1116 186 1159 sionis
209 1132 394 1176 regnum
420 1115 690 1159 Macedoniae
714 1115 769 1158 ad
782 1118 1038 1175 Amyntam,
1056 1115 1201 1159 fratris
1225 1116 1317 1175 ejus
1335 1117 1428 1159 Me-

55 1194 167 1237 nelai
189 1193 348 1249 filium,
375 1195 587 1254 pervenit.
608 1195 690 1237 Hic
714 1210 888 1253 quoque
911 1194 1093 1254 insignis
1117 1193 1334 1237 industria
1353 1228 1364 1248 ,
1385 1204 1428 1237 et

54 1274 256 1316 omnibus
285 1274 576 1333 imperatoriis
602 1273 838 1316 virtutibus
864 1273 1103 1315 instructus
1131 1271 1214 1315 fuit
1238 1289 1247 1315 :
1274 1274 1349 1331 qui
1378 1289 1428 1316 ex

54 1352 268 1412 Eurydice
287 1361 374 1395 tres
396 1351 507 1395 filios
530 1350 723 1406 sustulit,
748 1350 1064 1405 Alexandrum,
1092 1351 1366 1406 Perdiccam,
1386 1362 1428 1394 et

54 1431 328 1492 Philippum,
354 1431 591 1475 Alexandri
627 1431 778 1491 Magni
805 1430 1059 1474 Macedonis
1089 1440 1279 1490 patrem,
1306 1440 1348 1473 et
1378 1431 1428 1474 fi-

55 1510 156 1553 liam
181 1513 441 1571 Eurynoen:
462 1527 514 1553 ex
533 1512 693 1571 Gygaea
718 1518 864 1553 autem
884 1508 1167 1564 Archelaum,
1187 1509 1426 1564 Aridaeum,

55 1589 320 1632 Menelaum.
347 1591 459 1633 Cum
482 1587 642 1649 Illyriis
665 1588 822 1632 deinde
848 1598 890 1631 et
911 1605 1011 1631 cum
1035 1587 1255 1648 Olynthiis
1279 1590 1427 1649 gravia

54 1667 167 1710 bella
190 1669 333 1728 gessit.
359 1668 531 1711 Insidiis
559 1677 705 1710 autem
728 1667 963 1727 Eurydices
986 1667 1156 1721 uxoris,
1181 1684 1296 1726 quae,
1323 1684 1429 1727 nup-

56 1748 135 1790 tias
159 1748 306 1807 generi
332 1756 479 1806 pacta,
505 1746 795 1790 occidendum
821 1747 983 1801 virum,
1011 1762 1282 1805 regnumque
1306 1746 1427 1790 adul-

57 1836 148 1869 tero
172 1826 433 1869 tradendum
449 1835 715 1885 susceperat,
733 1835 971 1885 occupatus
988 1824 1136 1868 fuisset
1151 1858 1161 1880 ,
1179 1825 1223 1867 ni
1241 1823 1326 1867 filia
1341 1824 1430 1884 pel-

56 1905 232 1949 licatum
260 1907 430 1958 matris,
454 1915 497 1948 et
525 1904 697 1948 sceleris
724 1904 902 1948 consilia
928 1904 1202 1964 prodidisset.
1234 1906 1427 1948 Functus

57 1987 201 2045 itaque
239 1995 303 2029 tot
337 1984 565 2045 periculis,
594 2001 723 2028 senex
754 1984 955 2040 decessit,
994 2000 1128 2043 regno
1163 1985 1352 2026 maximo
1378 2001 1429 2027 ex

56 2063 152 2107 filiis
176 2064 422 2109 Alexandro
447 2064 620 2107 tradito.

119 2146 172 2187 V.
199 2146 340 2206 Igitur
367 2143 612 2188 Alexander
640 2145 754 2187 inter
780 2145 921 2203 prima
947 2144 1071 2186 initia
1094 2144 1238 2203 regni,
1263 2142 1427 2186 bellum

57 2225 109 2267 ab
135 2223 314 2284 Illyriis,
346 2234 472 2283 pacta
503 2223 725 2278 mercede,
756 2233 798 2265 et
828 2222 1032 2282 Philippo
1064 2222 1195 2265 fratre
1224 2222 1324 2265 dato
1354 2222 1430 2265 ob-

58 2303 167 2355 side,
201 2303 397 2346 redemit.
430 2305 670 2363 Interjecto
710 2319 884 2362 quoque
913 2312 1110 2361 tempore
1139 2317 1216 2360 per
1244 2301 1427 2343 eundem

59 2382 252 2426 obsidem
288 2398 387 2425 cum
420 2382 638 2426 Thebanis
669 2383 855 2442 gratiam
882 2383 1002 2441 pacis
1031 2380 1310 2424 reconciliat:
1338 2398 1431 2440 quae

1005 2462 1081 2504 αἰαὶ
1114 2459 1272 2503 indolis
1295 2460 1431 2512 dedit3

1004 2496 1027 2522 z>

59 2542 271 2601 siquidem
299 2541 458 2583 Thebis
485 2542 674 2584 triennio
703 2543 826 2584 obses
851 2542 1049 2595 habitus,
1078 2542 1217 2600 prima
1238 2541 1432 2599 pueritia*

59 2480 125 2506 res
149 2462 354 2521 Philippo
384 2462 570 2504 maxima
606 2463 874 2505 incrementa
901 2478 1000 2522 egre

60 2621 304 2664 rudimenta
333 2621 375 2662 in
403 2620 508 2662 urbe
530 2620 770 2662 severitatis
796 2622 1003 2678 antiquae,
1029 2630 1070 2662 et
1098 2622 1139 2662 in
1165 2619 1294 2661 domo
1319 2621 1426 2677 Epa-
