1783 3282
346 255 392 289 So
933 253 1119 287 JUSTINI

345 336 634 381 Phocensium
650 334 800 396 legati,
815 335 1019 378 adhibitis
1039 333 1379 377 Lacedaemoniis
1405 342 1447 375 et
1470 331 1711 375 Athenien-

347 416 483 470 sibus,
503 413 666 457 bellum
693 414 1057 473 deprecabantur,
1078 412 1200 470 cujus
1226 411 1279 454 ab
1298 427 1348 453 eo
1373 409 1625 453 dilationem
1650 418 1716 451 ter

344 495 433 552 jam
455 502 663 536 emerant.
689 492 869 536 Foedum
894 506 1070 550 prorsus
1097 489 1480 548 miserandumque
1499 497 1718 547 spectacu-

350 571 461 627 lum,
488 572 723 625 Graeciam,
746 571 875 613 etiam
899 584 1016 610 nunc
1041 576 1085 610 et
1108 567 1274 609 viribus
1297 577 1340 609 et
1366 567 1576 626 dignitate
1599 566 1717 608 orbis

350 660 562 693 terrarum
600 650 862 709 principem,
901 663 1053 706 regum
1091 655 1206 689 certe
1238 646 1521 705 gentiumque
1550 661 1720 704 semper

349 730 594 781 victricem,
613 737 656 769 et
675 726 911 769 multarum
937 725 1079 767 adhuc·
1101 724 1276 767 urbium
1302 723 1543 778 dominam,
1570 722 1718 765 alienis

351 807 564 850 excubare
592 806 787 861 sedibus,
814 814 889 847 aut
919 813 1147 864 rogantem
1172 801 1356 857 bellum,
1384 811 1459 844 aut
1484 801 1720 860 deprecan-

352 896 436 928 tem
461 902 469 927 :
499 886 542 927 in
568 884 744 927 alterius
773 900 853 943 ope
879 899 1052 926 omnem
1074 898 1195 941 spem
1224 881 1416 941 posuisse
1440 880 1557 923 orbis
1583 890 1720 923 terra-

352 980 448 1006 rum
475 963 687 1017 vindices,
726 978 861 1020 eoque
897 960 1113 1004 discordia
1144 977 1237 1015 sua,
1278 959 1565 1019 civilibusque
1596 958 1719 1001 bellis

351 1042 572 1095 redactos,
600 1051 649 1083 ut
671 1040 904 1084 adulentur
927 1039 1043 1082 ultro
1071 1038 1288 1082 sordidam
1314 1038 1443 1097 paulo
1467 1048 1567 1081 ante
1591 1036 1722 1081 clien-

353 1119 446 1162 telae
480 1136 564 1162 suae
595 1129 763 1179 partem
792 1137 799 1161 :
828 1129 871 1162 et
899 1119 989 1162 haec
1021 1119 1297 1178 potissimum
1328 1117 1469 1159 facere
1492 1117 1723 1160 Thebanos

352 1199 813 1257 Lacedaemoniosque,
840 1208 966 1241 antea
991 1200 1104 1241 inter
1127 1214 1170 1241 se
1197 1197 1388 1256 imperii,
1408 1212 1527 1238 nunc
1545 1197 1724 1239 Graeciae

354 1278 608 1337 imperantis
643 1275 833 1320 aemulos.
871 1277 1098 1337 Philippus
1133 1275 1427 1318 venditatione
1468 1274 1614 1335 gloriae
1640 1292 1724 1318 suae

355 1366 575 1399 tantarum
611 1357 787 1399 urbium
821 1355 1046 1399 fastidium
1076 1356 1238 1416 agitat,
1263 1364 1393 1413 atque
1424 1363 1547 1397 utros
1580 1355 1726 1414 potius

355 1435 558 1495 dignetur
573 1469 584 1491 ,
606 1435 802 1478 aestimat.
827 1436 1001 1478 Secreto
1027 1434 1161 1494 igitur
1178 1432 1338 1475 auditis
1364 1433 1592 1492 utriusque
1613 1431 1727 1492 lega·

356 1515 567 1568 tionibus,
593 1514 659 1556 his
686 1514 859 1555 veniam
887 1512 989 1555 belli
1017 1512 1268 1572 pollicetur,
1291 1511 1578 1571 jurejurando
1603 1511 1729 1555 adac-

357 1594 424 1647 tis,
441 1608 698 1651 responsum
721 1592 884 1634 nemini
903 1591 1178 1650 prodituros3
1198 1590 1281 1633 illis
1305 1600 1475 1646 contra,
1491 1600 1725 1633 venturum

356 1687 425 1725 se,
444 1670 740 1729 auxiliumque
765 1669 971 1712 laturum.
997 1672 1218 1728 Utrosque
1236 1678 1355 1711 vetat
1376 1685 1528 1728 parare
1542 1668 1726 1726 bellum,

355 1759 428 1792 aut
464 1758 671 1792 metuere.
713 1749 802 1803 Sic,
844 1749 1011 1791 variato
1051 1764 1282 1808 responsO,
1327 1749 1486 1791 securis
1526 1749 1729 1792 omnibus

355 1827 748 1887 Thermopylarum
776 1828 998 1888 angustias
1024 1837 1221 1887 occupat.

419 1908 472 1949 V.
510 1908 635 1949 Tunc
673 1907 864 1965 primum
899 1907 1143 1949 Phocenses
1180 1916 1329 1966 captos
1362 1924 1405 1949 se
1441 1906 1594 1950 fraude
1627 1907 1729 1950 Phi-

358 1985 464 2045 lippi
493 1985 907 2040 animadvertentes,
936 1985 1094 2045 trepidi
1123 1985 1177 2028 ad
1201 2002 1321 2027 arma
1349 1986 1622 2046 confugiunt.
1648 1986 1732 2029 Sed

359 2080 500 2123 neque
524 2065 712 2123 spatium
739 2074 831 2107 erat
856 2064 1098 2107 instruendi
1123 2063 1245 2121 belli,
1264 2081 1344 2107 nec
1360 2074 1531 2124 tempus
1549 2064 1604 2108 ad
1627 2082 1730 2108 con-

360 2143 571 2186 trahenda
597 2142 776 2197 auxilia3
808 2153 851 2186 et
884 2143 1111 2203 Philippus
1141 2144 1359 2187 excidium
1389 2145 1658 2200 minabatur,
1687 2146 1731 2188 ni

358 2222 481 2265 fieret
507 2222 683 2265 deditio.
711 2224 830 2266 Victi
862 2224 996 2283 igitur
1025 2225 1303 2279 necessitate,
1340 2234 1467 2283 pacta
1500 2224 1664 2277 salute,
1689 2242 1732 2269 se

359 2302 633 2345 dediderunt.
663 2302 748 2345 Sed
774 2303 919 2362 pactio
945 2303 1037 2362 ejus
1069 2302 1169 2345 fidei
1201 2302 1304 2359 fuit,
1333 2306 1456 2363 cujus
1488 2314 1614 2347 antea
1640 2304 1732 2348 fue-

359 2390 425 2423 rat
454 2380 674 2440 deprecati
704 2380 807 2424 belli
839 2383 1082 2441 promissio.
1113 2383 1255 2443 Igitur
1294 2382 1521 2426 caeduntur
1547 2386 1732 2444 passim,

359 2461 701 2520 rapiunturque3
727 2478 814 2503 non
842 2460 966 2504 liberi
995 2462 1267 2521 parentibus,
1296 2480 1382 2506 non
1412 2464 1618 2524 conjuges
1644 2480 1734 2506 ma-

361 2540 477 2594 ritis,
506 2556 593 2582 non
620 2539 802 2582 deorum
830 2540 1061 2584 simulacra
1094 2542 1268 2602 templis
1294 2543 1380 2585 suis
1410 2542 1731 2601 relinquuntur.

363 2619 511 2661 Unum
540 2627 709 2661 tantum
740 2620 907 2662 miseris
931 2619 1131 2664 solatium
1162 2621 1261 2677 fuit,
1295 2622 1431 2681 quod,
1465 2638 1599 2680 quum
1630 2621 1733 2665 Phi-
