1783 3282
352 253 361 274 1
377 240 418 277 14
937 235 1122 269 JUSTINI

348 319 478 372 iram,
504 332 672 371 versus,
708 318 819 360 mori
846 315 993 359 voluit.
1019 318 1216 359 Primum
1242 316 1286 359 in
1310 316 1434 360 ssetus
1459 331 1708 375 progressus

346 394 548 454 amplecti
576 405 825 449 mortuum,
850 393 1027 436 vulnera
1061 403 1267 447 tractare,
1300 404 1342 437 et
1371 395 1491 453 quasi
1518 393 1710 436 audienti

347 472 542 516 confiteri
563 473 851 524 dementiam3
882 481 1105 530 arreptum
1132 470 1266 514 telum
1291 472 1335 513 in
1364 488 1407 515 se
1429 473 1587 525 vertit3
1615 488 1715 531 per-

346 553 585 612 egissetque
603 552 788 605 facinus,
812 551 894 593 nisi
911 550 1038 592 amici
1058 549 1406 594 intervenissent.
1436 552 1600 593 Mansit
1618 550 1709 593 haec

346 630 546 673 voluntas
576 629 791 673 moriendi
815 629 944 670 etiam
967 627 1248 685 sequentibus
1272 627 1435 671 diebus.
1457 630 1709 671 Accesserat

345 710 461 752 enim
482 708 767 768 poenitentiae,
788 706 969 749 nutricis
990 721 1094 759 suae,
1119 706 1278 748 sororis
1301 704 1426 759 Cliti,
1452 705 1708 760 recordatio,

345 804 466 847 cujus
490 787 676 830 absentis
697 802 795 828 eum
821 785 1007 827 maxime
1030 783 1241 843 pudebat,
1264 793 1352 827 tam
1370 783 1527 827 foedam
1546 781 1608 826 illi
1631 783 1709 826 ali-

345 876 591 908 mentorum
606 881 781 907 suorum
804 863 1049 906 mercedem
1072 862 1308 916 redditam,
1332 872 1400 917 ut,
1417 863 1461 905 in
1480 862 1600 921 cujus
1624 878 1709 904 ma-

346 944 470 986 nibus
485 943 717 1002 pueritiam
739 951 884 1000 egerat
901 975 910 994 ,
925 942 1028 984 huic
1043 942 1214 999 juvenis
1233 951 1275 984 et
1298 942 1458 995 victor,
1483 957 1562 1000 pro
1585 940 1709 983 hene·

344 1022 449 1065 ficiis
477 1021 628 1063 funera
653 1021 904 1062 remitteret.
933 1019 1181 1077 Reputabat
1209 1019 1385 1073 deinde,
1419 1027 1632 1078 quantum
1662 1019 1705 1061 in

345 1101 533 1142 exercitu
562 1115 658 1153 suo,
685 1107 895 1157 quantum
920 1096 1036 1156 apud
1065 1096 1254 1139 devictas
1283 1106 1431 1157 gentes
1460 1096 1706 1139 fabularum

345 1187 472 1237 atque
505 1177 703 1233 invidiae,
728 1184 940 1236 quantum
965 1176 1080 1235 apud
1103 1185 1268 1219 ceteros
1293 1177 1454 1218 amicos
1478 1184 1643 1218 metum
1666 1185 1707 1218 et

345 1256 492 1298 odium
524 1258 589 1299 sui
622 1257 771 1300 fecerit
799 1273 806 1299 :
833 1272 960 1316 quam
998 1271 1195 1298 amarum
1232 1265 1274 1298 et
1315 1256 1436 1298 triste
1471 1254 1708 1298 reddiderit

344 1336 592 1378 convivium
621 1352 767 1388 suum,
792 1351 878 1377 non
907 1344 1098 1378 armatus
1122 1335 1163 1377 in
1191 1336 1301 1389 acie,
1325 1350 1454 1394 quam
1484 1334 1528 1376 in
1558 1335 1707 1377 convi-

345 1430 413 1456 Vlo
439 1412 684 1456 terribilior.
701 1416 824 1456 Tunc
847 1414 1111 1456 Parmenion
1136 1423 1174 1456 et
1190 1412 1402 1468 Philotas,
1428 1423 1531 1456 tunc
1544 1415 1706 1472 Amyn-

345 1503 406 1535 tas
420 1493 723 1544 consobrinus,
749 1501 851 1535 tunc
876 1509 1062 1534 noverca
1087 1492 1326 1551 fratresque
1344 1492 1582 1535 interfecti:
1602 1501 1707 1534 tunc

343 1569 533 1626 Attalus,
559 1570 851 1630 Eurylochus,
870 1572 1125 1625 Pausanias,
1142 1570 1301 1630 aliique
1319 1570 1587 1613 Macedoniae
1610 1587 1705 1613 exs-

343 1650 467 1691 tincti
490 1650 708 1708 principes
731 1649 1032 1691 occurrebant.
1065 1649 1133 1691 Ob
1158 1649 1248 1691 haec
1271 1647 1333 1690 illi
1354 1648 1590 1707 quatriduo
1610 1665 1707 1707 per-

341 1738 532 1771 severata
575 1727 717 1770 inedia
754 1737 836 1781 est,
873 1727 1011 1770 donec
1047 1729 1258 1770 exercitus
1291 1727 1481 1770 universi
1505 1727 1705 1786 precibus

341 1817 542 1849 exoratus
573 1816 655 1861 est,
684 1807 920 1865 precantis,
945 1807 1041 1849 «Ne
1068 1808 1127 1848 ita
1160 1816 1345 1849 mortem
1376 1807 1506 1849 unius
1542 1805 1705 1861 doleat,

342 1894 385 1928 ut
410 1886 633 1928 universos
659 1885 809 1944 perdat
836 1902 844 1927 z
881 1901 989 1944 quos
1020 1886 1063 1926 in
1089 1884 1287 1927 ultimam
1316 1884 1522 1928 deductos
1545 1885 1705 1928 Barba-

340 1980 468 2019 riam,
494 1964 609 2006 inter
630 1963 804 2006 infestas
833 1973 875 2005 et
903 1964 1091 2005 irritatas
1116 1962 1229 2005 bello
1252 1972 1421 2022 genteS,
1451 1963 1704 2006 destituat.»

339 2042 530 2086 Multum
556 2043 758 2103 profuere
781 2052 823 2086 et
846 2041 1121 2086 Callisthenis
1137 2041 1387 2101 philosophi
1410 2057 1580 2100 preces,
1601 2059 1704 2085 con-

339 2121 598 2182 discipulatu
624 2122 741 2182 apud
769 2121 1051 2165 Aristotelem
1075 2120 1298 2163 familiaris
1328 2118 1413 2175 illi,
1445 2129 1487 2162 et
1515 2129 1619 2164 tunc
1650 2122 1702 2164 ab

340 2202 431 2260 ipso
460 2218 559 2262 rege
583 2201 636 2244 ad
670 2201 894 2261 prodenda
918 2201 1136 2243 memoriae
1166 2208 1259 2242 acta
1291 2200 1382 2258 ejus
1413 2200 1588 2244 accitus.
1619 2203 1703 2244 Re-

339 2289 489 2323 vocato
519 2281 651 2339 igitur
675 2279 727 2323 ad
756 2278 919 2322 bellum
949 2280 1116 2333 animo,
1142 2278 1405 2321 Chorasmos
1430 2288 1471 2322 et
1496 2279 1643 2324 Dahas
1658 2280 1702 2322 in

337 2357 602 2402 deditionem
629 2359 807 2417 accepit.

397 2438 492 2480 VII.
522 2436 712 2491 Deinde,
736 2436 853 2497 quod
881 2438 1024 2496 primo
1057 2454 1107 2479 ex
1133 2439 1300 2497 persico
1329 2438 1541 2497 superbiae
1574 2438 1700 2497 regiae

337 2531 455 2558 more
483 2515 731 2571 distulerat,
754 2532 807 2558 ne
837 2516 984 2558 omnia
1020 2516 1182 2575 pariter
1214 2516 1496 2559 invidiosiora
1535 2525 1699 2570 essent,

336 2609 422 2636 non
449 2594 645 2648 salutari,
679 2593 751 2637 sed
784 2594 955 2637 adorari
985 2611 1027 2637 se
1057 2595 1192 2654 jubet.
1222 2595 1467 2638 Acerrimus
1491 2595 1604 2637 inter
1632 2610 1700 2638 re-

1292 2690 1337 2741 f:
1346 2710 1371 2744 τ’
