1783 3282
360 308 380 341 3
387 319 406 341 2
946 304 965 337 J
969 303 1134 338 USTINI

363 392 471 432 Ante
496 384 657 429 navalis
686 384 825 445 proelii
854 386 1205 445 congressionem
1232 385 1409 427 miserat
1435 387 1601 428 Xerxes
1630 401 1731 444 qua-

360 477 460 509 tuor
483 463 618 508 millia
640 473 909 507 armatorum
941 463 1158 523 Delphos,
1191 463 1245 506 ad
1276 462 1491 523 templum
1518 463 1732 524 Apollinis

359 542 651 604 diripiendum
677 560 686 586 ε
717 559 919 603 prorsus,
943 543 1067 601 quasi
1095 558 1183 584 non
1211 558 1312 585 cum
1338 543 1504 586 Graecis
1534 552 1730 597 tantum,

358 623 432 667 sed
454 633 498 666 et
519 639 619 666 cum
642 621 722 665 diis
747 619 1087 676 immortalibus,
1107 619 1271 663 bellum
1296 631 1466 680 gereret
1493 637 1502 664 ε
1526 638 1620 681 quae
1643 637 1733 664 ma-

361 719 442 746 nus
469 711 558 745 tota
588 700 802 744 imbribus
829 710 872 743 et
903 698 1160 742 fulminibus
1183 697 1324 742 deleta
1345 708 1426 754 est,
1450 709 1498 742 ut
1520 698 1733 759 intellige-

357 791 447 836 ret,
471 795 602 839 quam
635 778 764 822 nullae
794 788 936 822 essent
967 778 1197 821 hominum
1228 777 1434 820 adversus
1470 777 1572 821 deos
1603 779 1728 821 vires.

356 861 460 903 Post
480 859 571 903 haec
589 859 797 918 Thespias
811 892 822 914 ,
843 867 887 901 et
911 856 1111 913 Plataeas,
1136 865 1177 900 et
1198 856 1569 901 Athenas·vacuas
1592 856 1731 899 homi-

356 938 484 981 nibus
508 937 727 992 incendit;
748 946 790 980 et
809 937 1015 996 quoniam
1037 935 1153 980 ferro
1167 936 1212 978 in
1224 935 1424 979 homines
1440 951 1526 978 non
1543 945 1728 994 poterat,

357 1019 400 1060 in
429 1016 610 1060 aedificia
646 1016 744 1075 igne
781 1024 1014 1075 grassatur.
1048 1015 1249 1073 Namque
1284 1014 1609 1070 Athenienses,
1632 1024 1731 1074 post

358 1111 550 1155 pugnam
573 1094 896 1137 Marathoniam
913 1127 924 1149 ,
941 1101 1235 1153 praemonente
1253 1091 1546 1136 Themistocle
1561 1126 1572 1148 ,
1594 1093 1732 1135 victo-

355 1175 465 1217 riam
499 1172 618 1216 illam
645 1172 697 1215 de
725 1173 891 1228 Persis,
926 1188 1015 1215 non
1046 1171 1198 1227 finem,
1235 1171 1309 1214 sed
1346 1187 1521 1214 causam
1554 1172 1730 1231 majoris

356 1251 458 1295 belli
495 1251 612 1306 fore,
649 1267 703 1296 cc
742 1267 872 1294 naves
910 1250 1242 1293 fabricaverant.
1283 1249 1559 1293 Adventante
1596 1250 1731 1310 igitur

354 1334 520 1386 Xerxe,
544 1329 873 1373 consulentibus
892 1328 1075 1389 Delphis
1092 1328 1319 1372 oraculum
1335 1362 1346 1384 ,
1364 1345 1621 1388 responsum
1637 1328 1730 1372 fue-

355 1420 441 1466 rat,
479 1408 711 1453 «Salutem
743 1410 879 1452 muris
917 1408 1070 1469 ligneis
1106 1418 1386 1452 tuerentur.»
1414 1407 1730 1452 Themistocles

356 1490 533 1532 navium
560 1488 809 1548 praesidium
838 1488 1186 1531 demonstratum
1208 1497 1348 1543 ratus,
1380 1487 1612 1548 persuadet
1637 1503 1730 1530 om-

356 1568 483 1610 nibus
500 1601 511 1622 ,
537 1567 763 1610 «Patriam
779 1567 1020 1626 municipes
1041 1583 1157 1622 esse,
1180 1583 1268 1610 non
1284 1568 1442 1610 moenia
1456 1601 1467 1622 ,
1491 1567 1731 1610 civitatem-

359 1662 442 1705 que
464 1662 552 1688 non
578 1646 620 1688 in
644 1645 862 1701 aedificiis,
893 1645 967 1688 sed
992 1646 1035 1688 in
1062 1646 1229 1688 civibus
1248 1646 1448 1704 positam.
1465 1644 1625 1689 Melius
1654 1647 1733 1689 ita-

356 1742 440 1785 que
468 1724 651 1768 salutem
687 1725 897 1781 navibus,
927 1741 1057 1784 quam
1095 1725 1195 1767 urbi
1231 1726 1555 1769 commissuros.
1589 1726 1731 1786 Hujus

357 1805 579 1847 sententiae
609 1805 741 1847 etiam
774 1806 917 1847 Deum
949 1813 1175 1847 auctorem
1207 1820 1351 1847 esse.»
1373 1805 1564 1848 Probato
1593 1806 1733 1848 consi-

357 1882 441 1939 lio,
467 1883 672 1943 conjuges
698 1882 968 1942 liberosque,
999 1899 1098 1926 cum
1128 1884 1450 1942 pretiosissimis
1474 1884 1622 1940 rebus,
1655 1884 1731 1927 ab·

356 1961 457 2004 ditis
482 1960 652 2017 insulis,
676 1960 828 2004 relicta
851 1962 959 2005 urbe
975 1996 985 2017 ,
1004 1961 1293 2005 demandant:
1318 1963 1399 2021 ipsi
1426 1979 1555 2006 naves
1573 1965 1729 2007 armati

356 2040 669 2084 conscendunt.
711 2039 971 2100 Exemplum
1014 2042 1346 2084 Atheniensium
1387 2051 1430 2084 et
1472 2038 1565 2085 aliae
1602 2042 1731 2086 urbes

356 2120 546 2162 imitatae.
577 2121 732 2178 Itaque
762 2136 898 2179 quum
931 2119 1119 2163 adunata
1149 2121 1290 2163 omnis
1319 2121 1539 2164 sociorum
1565 2120 1729 2178 classis,

355 2209 397 2241 et
421 2199 588 2241 intenta
612 2200 656 2241 in
683 2197 847 2241 bellum
874 2198 1027 2242 navale
1053 2209 1189 2254 esset;
1214 2201 1524 2260 angustiasque
1553 2199 1733 2244 Salami-

355 2278 415 2320 nii
444 2276 564 2333 freti,
598 2293 651 2320 ne
684 2279 991 2322 circumveniri
1026 2295 1050 2321 a
1085 2277 1366 2322 multitudine
1396 2290 1567 2339 posset,
1603 2296 1732 2324 occu-

355 2366 556 2415 passent;
580 2356 790 2400 dissensio
816 2358 929 2400 inter
953 2358 1180 2401 civitatum
1214 2359 1431 2419 principes
1460 2360 1611 2402 oritur.
1640 2360 1731 2416 Qui

355 2451 491 2494 quum
509 2469 520 2491 ,
550 2435 721 2479 deserto
752 2435 894 2492 bello,
926 2436 980 2479 ad
1010 2453 1086 2479 sua
1114 2437 1273 2480 tuenda
1304 2437 1437 2481 dilabi
1468 2436 1654 2495 vellent,
1679 2441 1731 2482 ti-

355 2530 476 2557 mens
499 2514 815 2558 Themistocles
831 2549 842 2571 ,
868 2532 921 2558 ne
946 2515 1136 2559 discessu
1166 2517 1383 2559 sociorum
1416 2519 1530 2561 vires
1564 2519 1731 2562 minue-

354 2602 525 2649 rentur,
550 2610 628 2653 per
654 2610 828 2637 servum
856 2594 992 2638 fidum
1021 2598 1154 2638 Xerxi
1183 2597 1372 2652 nuntiat,
1401 2600 1538 2641 «Uno
1565 2598 1608 2640 in
1635 2597 1729 2642 loco

353 2688 453 2716 eum
479 2683 749 2717 contractam
776 2675 990 2718 Graeciam
1018 2691 1171 2735 capere
1200 2674 1405 2719 facillime
1432 2693 1568 2737 posse.
1595 2678 1729 2734 Quod
