1783 3282
357 238 416 251 ιἏῐ
419 238 479 250 ⁸.st
483 238 542 250 §12⁸5-
547 238 556 249 λ
559 237 602 249 ὶὶἲ
608 237 635 248 υἱ,
638 236 667 248 tx
670 233 855 248 ΕΜἜΊᾹἜἜΧΧ
859 235 981 248 ⁸³.kava
986 236 1044 248 ιῑΊιὶ
1047 235 1423 248 ΩἏΧἯἏΊἜἮἩἜῈΣἮΣἜἘἋἜἜἏ
1428 234 1612 248 ΕἋΊΈΜἋἮ
1615 234 1725 247 m

847 447 1104 502 LIBER
1146 447 1226 501 ΙΙ.

355 881 387 922 Ι.
426 841 499 923 ΙΝ
518 877 726 921 relatione
746 893 892 920 rerum
909 893 934 919 a
952 875 1122 936 Scythis
1146 885 1384 936 gestarum,
1402 892 1496 935 quae
1514 876 1615 919 satis
1634 892 1727 919 am-

356 956 436 1017 plae
462 956 786 1016 magnificaeque
815 955 1009 1009 fuerunt,
1033 956 1298 1014 principium
1325 955 1377 998 ab
1411 956 1577 1015 origine
1600 972 1724 1016 repe-

356 1035 535 1079 tendum
561 1045 636 1078 est.
662 1035 761 1078 Non
791 1035 907 1076 enim
933 1035 1078 1076 minus
1107 1032 1291 1076 illustria
1319 1034 1459 1090 initia,
1489 1051 1619 1094 quam
1645 1036 1727 1078 im-

355 1115 524 1174 perium
560 1114 748 1156 habuere
778 1130 785 1154 :
815 1128 894 1154 nec
929 1113 1123 1155 virorum
1171 1112 1353 1171 imperio
1390 1114 1554 1172 magis,
1595 1130 1726 1173 quam

355 1193 613 1236 feminarum
640 1191 874 1235 virtutibus
902 1190 1095 1234 claruere
1119 1208 1126 1233 :
1157 1191 1317 1251 quippe
1351 1207 1486 1250 quum
1513 1192 1595 1251 ipsi
1621 1194 1726 1236 Par-

356 1273 454 1315 thos
480 1272 843 1330 Bactrianosque,
877 1269 1046 1313 feminae
1088 1279 1235 1313 autem
1266 1285 1417 1313 eorum
1456 1271 1724 1314 Amazonum

355 1367 488 1411 regna
520 1349 794 1393 condiderint
818 1366 826 1391 ε
856 1365 1033 1408 prorsus
1059 1358 1109 1391 ut
1134 1365 1202 1392 res
1229 1358 1369 1409 gestas
1399 1350 1594 1392 virorum
1625 1365 1723 1393 mu-

357 1428 598 1489 lierumque
630 1428 1003 1472 considerantibus
1034 1429 1252 1471 incertum
1275 1429 1330 1471 sit
1347 1462 1357 1482 ,
1386 1438 1483 1472 uter
1511 1428 1627 1489 apud
1653 1445 1726 1472 eos

358 1525 481 1552 sexus
504 1507 712 1552 illustrior
735 1507 876 1550 fuerit.
897 1507 1158 1567 Scytharum
1177 1523 1278 1567 gens
1297 1508 1598 1567 antiquissima
1618 1524 1728 1551 sem-

357 1605 433 1648 per
463 1588 610 1631 habita
634 1604 642 1630 ε
672 1603 937 1646 quamquam
968 1587 1081 1629 inter
1113 1587 1294 1646 Scythas
1326 1596 1370 1629 et
1399 1587 1623 1647 AEgyptios
1653 1586 1727 1630 diu

358 1668 578 1710 contentio
608 1667 659 1709 de
687 1667 853 1726 generis
880 1675 1094 1709 vetustate
1122 1665 1204 1708 fuit
1226 1682 1234 1707 :
1258 1666 1469 1725 AEgyptiis
1492 1665 1730 1725 praedican·

358 1747 493 1801 tibus,
517 1747 683 1789 «Initio
720 1762 893 1799 rerum,
932 1761 1068 1804 quum
1101 1743 1194 1787 aliae
1230 1754 1355 1787 terrae
1389 1745 1525 1788 nimio
1560 1744 1728 1788 fervore

359 1824 458 1868 solis
482 1824 700 1880 arderent,
727 1823 819 1867 aliae
845 1825 1038 1884 rigerent
1068 1823 1240 1884 frigoris
1270 1825 1568 1880 immanitate,
1593 1825 1653 1867 ita
1680 1833 1729 1866 ut

359 1921 446 1947 non
469 1903 599 1947 modo
621 1904 769 1963 primae
793 1919 998 1963 generare
1020 1902 1245 1958 homines,
1271 1902 1345 1945 sed
1359 1919 1412 1946 ne
1429 1902 1616 1946 advenas
1631 1903 1729 1962 qui-

360 1983 459 2026 dem
485 1983 677 2042 recipere
705 1998 754 2025 ac
778 1983 889 2025 tueri
915 1990 1116 2041 possent,
1139 1982 1395 2040 priusquam
1424 1981 1629 2024 adversus
1658 1998 1728 2024 ca-

360 2060 495 2105 lorem
516 2060 584 2105 vel
607 2061 742 2122 frigus
764 2059 1007 2104 velamenta
1031 2061 1223 2120 corporis
1247 2060 1567 2115 invenirentur,
1582 2058 1650 2103 vel
1666 2059 1728 2103 lo-

360 2157 511 2183 corum
535 2142 660 2194 vitia,
685 2140 874 2199 quaesitis
897 2149 987 2182 arte
1009 2139 1210 2182 remediis
1233 2137 1509 2182 mollirentur
1534 2156 1542 2182 :
1567 2140 1727 2200 AEgyp-

361 2230 454 2262 tum
490 2220 548 2262 ita
582 2229 866 2279 temperatam
904 2235 1073 2278 semper
1108 2218 1236 2261 fuisse
1256 2253 1266 2273 ,
1294 2228 1343 2261 ut
1369 2235 1509 2278 neque
1535 2219 1726 2278 hyberna

359 2298 546 2358 frigora,
571 2314 650 2341 nec
674 2299 810 2341 aestivi
841 2296 940 2341 solis
963 2296 1140 2341 ardores
1163 2296 1325 2341 incolas
1347 2298 1438 2356 ejus
1460 2307 1728 2357 premerent3

360 2376 498 2420 solum
522 2379 580 2420 ita
603 2377 879 2432 foecundum,
905 2387 952 2419 ut
976 2375 1282 2419 alimentorum
1306 2378 1349 2419 in
1371 2393 1474 2420 usus
1497 2375 1724 2419 hominum

360 2455 478 2499 nulla
501 2466 615 2499 terra
637 2456 821 2499 feracior
844 2456 985 2498 fuerit.
1010 2459 1112 2500 Jure
1135 2456 1268 2516 igitur
1290 2456 1348 2498 ihi
1371 2457 1562 2515 primum
1584 2455 1727 2498 homi-

361 2552 434 2578 nes
457 2545 579 2578 natos
602 2535 738 2578 videri
762 2535 918 2578 debere
935 2569 945 2587 ‚
969 2536 1044 2577 ubi
1068 2535 1244 2578 educari
1271 2534 1477 2578 facillime
1503 2545 1728 2594 possent.»

361 2616 545 2668 Contra,
567 2614 736 2673 Scythae
753 2613 846 2656 coeli
869 2624 1262 2674 temperamentum
1283 2613 1451 2658 nullum
1473 2630 1563 2657 esse
1581 2624 1729 2658 vetus-
