1783 3282
310 256 323 280 1
333 241 377 278 36
894 243 914 275 J
918 242 1082 276 USTINI

307 324 474 367 cruenti
510 323 676 381 praemii
706 322 806 365 fidei
838 333 1108 365 sacramento
1142 331 1483 381 anteponerem»
1522 321 1676 363 deinde

309 400 459 444 callide
478 401 716 457 subnectit,
738 420 758 441 «
774 401 992 445 Confictas
1017 401 1094 443 has
1122 417 1146 442 a
1174 417 1217 443 se
1240 400 1442 460 epistolas
1472 399 1526 442 ad
1547 415 1676 458 expe-

305 478 478 522 riendos
503 496 681 523 suorum
711 482 878 523 animos
907 496 1010 523 esse.
1042 481 1248 522 Ceterum
1273 478 1457 522 salutem
1482 495 1604 522 suam
1632 479 1675 520 in

305 559 501 601 omnium
524 569 738 619 potestate
757 574 869 613 esse3
890 574 970 601 nec
994 559 1286 618 Antigonum,
1306 574 1386 600 nec
1412 574 1675 617 quemquam

305 639 467 683 ducum
495 641 555 683 sic
584 638 694 682 velle
720 640 914 695 vincere,
939 648 988 681 ut
1018 639 1108 698 ipse
1133 639 1176 681 in
1207 655 1250 681 se
1279 637 1525 697 exemplum
1544 638 1677 696 pessi-

304 735 424 761 mum
447 728 622 762 statuat.
643 737 663 758 >2
684 721 778 761 Hoc
800 718 934 773 facto,
957 728 999 760 et
1022 718 1065 760 in
1086 717 1288 777 praesenti
1313 715 1555 759 labantium
1584 715 1676 757 ani-

303 814 395 841 mos
424 799 624 853 retinuit,
657 807 698 840 et
730 798 774 839 in
801 797 1001 840 futurum
1025 796 1233 857 providit,
1264 805 1332 851 ut,
1357 796 1390 838 si
1416 794 1520 854 quid
1539 793 1690 838 simile

303 877 551 933 accidisset,
583 894 671 920 non
700 894 743 920 se
767 878 818 920 ab
846 877 970 919 hoste
997 876 1238 935 eorrumpi,
1269 875 1341 918 sed
1370 875 1422 918 ab
1449 875 1560 917 duce
1583 884 1676 917 ten-

303 956 385 998 tari
415 956 746 998 arbitrarentur.
779 958 944 998 Omnes
965 956 1099 1014 igitur
1120 971 1296 1013 operam
1326 971 1446 997 suam
1477 954 1675 996 certatim

302 1035 355 1077 ad
385 1034 628 1077 custodiam
658 1034 807 1077 salutis
837 1034 929 1093 ejus
955 1034 1157 1076 offerunt.

364 1115 420 1156 II.
441 1114 624 1155 Interim
646 1113 893 1173 Antigonus
924 1130 1024 1155 cum
1057 1114 1250 1156 exercitu
1281 1113 1549 1172 supervenit,
1585 1128 1676 1155 cas-

302 1194 468 1251 trisque
498 1193 668 1252 positis,
696 1203 868 1252 postera
899 1192 966 1234 die
990 1193 1033 1234 in
1063 1194 1197 1235 aciem
1226 1192 1435 1252 procedit.
1470 1193 1563 1235 Nec
1587 1193 1676 1234 Eu-

301 1289 448 1315 menes
469 1289 638 1315 moram
663 1271 814 1332 proelio
836 1272 956 1325 fecit,
976 1273 1050 1330 qui
1070 1272 1210 1314 victus
1236 1273 1278 1315 iu
1298 1272 1518 1313 munitum
1537 1271 1677 1330 quod-

302 1351 400 1395 dam
423 1351 651 1395 castellum
681 1352 875 1411 confugit
898 1368 905 1393 :
930 1352 1003 1394 ubi
1031 1368 1167 1411 quum
1188 1351 1354 1393 videret
1385 1367 1428 1393 se
1453 1350 1675 1393 fortunam

300 1432 540 1475 obsidionis
573 1432 839 1487 subiturum,
869 1433 1078 1491 majorem
1107 1432 1321 1474 exercitus
1350 1440 1518 1490 partem
1549 1431 1677 1473 dimi-

300 1513 373 1567 sit,
401 1528 454 1554 ne
487 1521 563 1554 aut
592 1528 805 1554 consensu
837 1510 1132 1554 multitudinis
1161 1511 1276 1554 hosti
1305 1510 1573 1565 traderetur,
1602 1520 1679 1553 aut

300 1590 468 1633 obsidio
497 1592 590 1649 ipsa
613 1589 897 1633 multitudine
926 1600 1193 1650 gravaretur.
1225 1592 1411 1650 Legatos
1440 1589 1596 1632 deinde
1624 1589 1678 1632 ad

298 1670 606 1729 Antipatrum,
629 1670 704 1729 qui
737 1669 853 1713 solus
886 1686 965 1729 par
996 1670 1205 1730 Antigoni
1231 1670 1396 1713 viribus
1425 1669 1678 1723 videbatur,

298 1748 516 1809 supplices
540 1750 674 1792 mittit
697 1766 704 1791 :
727 1766 750 1792 a
774 1766 861 1808 quo
882 1766 1016 1808 quum
1045 1749 1204 1792 auxilia
1226 1750 1412 1792 Eumeni
1435 1750 1566 1792 missa
1586 1751 1679 1793 An-

299 1829 474 1888 tigonus
496 1828 736 1885 didicisset,
757 1829 810 1872 ab
831 1829 1057 1872 obsidione
1077 1830 1263 1873 recessit.
1290 1832 1396 1872 Erat
1417 1829 1594 1888 quidem
1610 1846 1677 1871 so-

298 1906 416 1951 lutus
437 1908 492 1951 ad
512 1918 683 1968 tempus
712 1918 833 1951 metu
851 1909 1004 1951 mortis
1026 1911 1241 1951 Eumenes
1263 1926 1271 1951 :
1305 1908 1379 1951 sed
1402 1924 1481 1950 nec
1507 1907 1676 1962 salutis,

299 1986 476 2030 dimisso
497 1988 712 2043 exercitu,
733 2004 890 2048 magna
911 2004 1006 2047 spes
1027 1997 1130 2030 erat.
1156 1989 1318 2030 Omnia
1336 1988 1469 2047 igitur
1489 1988 1677 2030 circum-

299 2066 499 2126 spicienti
533 2068 749 2126 optimum
782 2068 923 2109 visum
953 2076 1037 2120 est,
1067 2066 1121 2109 ad
1157 2066 1395 2110 Alexandri
1416 2068 1570 2126 Magni
1598 2069 1680 2110 Ar-

299 2145 573 2205 gyraspidas,
626 2147 837 2189 invictum
888 2147 1150 2201 exercitum,
1204 2156 1246 2189 et
1289 2156 1356 2189 tot
1390 2147 1677 2189 victoriarum

299 2224 629 2286 praefulgentem
660 2225 820 2286 gloria,
851 2226 1096 2269 decurrere.
1129 2226 1213 2269 Sed
1238 2226 1556 2287 Argyraspides
1582 2237 1676 2287 post

299 2303 601 2348 Alexandrum
633 2322 783 2348 omnes
815 2306 944 2349 duces
978 2306 1278 2361 fastidiebant,
1311 2306 1533 2349 sordidam
1565 2306 1676 2350 mili-

300 2384 405 2426 tiam
425 2384 504 2427 sub
524 2384 637 2441 aliis,
668 2395 764 2445 post
790 2386 897 2428 tanti
927 2387 1039 2445 regis
1063 2387 1338 2441 memoriam,
1365 2387 1674 2431 existimantes.

299 2465 452 2522 Itaque
468 2467 684 2508 Eumenes
705 2464 1015 2508 blandimentis
1035 2482 1185 2526 agere3
1207 2466 1465 2527 suppliciter
1484 2467 1676 2528 singulos

301 2540 484 2602 alloqui,
524 2560 641 2587 nunc
674 2544 1028 2588 «commilitones
1068 2563 1225 2600 suos,›)
1255 2563 1372 2590 nunc
1403 2557 1675 2606 «patronos»

299 2621 543 2682 appellans,
577 2640 694 2667 nunc
728 2624 1059 2683 «periculorum
1103 2636 1145 2669 et
1178 2643 1359 2685 operum
1396 2625 1674 2669 orientalium
