<?xml version="1.0" encoding="UTF-8"?>
<!DOCTYPE html PUBLIC "-//W3C//DTD XHTML 1.0 Transitional//EN"
    "http://www.w3.org/TR/xhtml1/DTD/xhtml1-transitional.dtd">
<html xmlns="http://www.w3.org/1999/xhtml" xml:lang="en" lang="en">
 <head>
  <title>
</title>
<meta http-equiv="Content-Type" content="text/html;charset=utf-8" />
  <meta name='ocr-system' content='tesseract 3.04.00' />
  <meta name='ocr-capabilities' content='ocr_page ocr_carea ocr_par ocr_line ocrx_word'/>
</head>
<body>
  <div class='ocr_page' id='page_1' title='image "./historiarumphili01justuoft_0187.png"; bbox 0 0 1783 3282; ppageno 0'>
   <div class='ocr_carea' id='block_1_1' title="bbox 133 288 1488 308">
    <p class='ocr_par' dir='ltr' id='par_1_1' title="bbox 133 288 1488 308">
     <span class='ocr_line' id='line_1_1' title="bbox 133 288 1488 308; baseline 0.004 -8"><span class='ocrx_word' id='word_1_1' title='bbox 133 292 192 304; x_wconf 35' lang='lat' dir='ltr'>m*</span> <span class='ocrx_word' id='word_1_2' title='bbox 197 292 222 304; x_wconf 71' lang='lat' dir='ltr'><strong>u</strong></span> <span class='ocrx_word' id='word_1_3' title='bbox 226 291 380 304; x_wconf 36' lang='lat' dir='ltr'>wxnxxm</span> <span class='ocrx_word' id='word_1_4' title='bbox 384 288 815 302; x_wconf 56' lang='lat' dir='ltr'>«mmmmmmuvmummm</span> <span class='ocrx_word' id='word_1_5' title='bbox 820 291 829 301; x_wconf 58' lang='lat' dir='ltr'>a</span> <span class='ocrx_word' id='word_1_6' title='bbox 833 289 1003 304; x_wconf 60' lang='grc' dir='ltr'>νινιννινννυ</span> <span class='ocrx_word' id='word_1_7' title='bbox 1017 292 1309 307; x_wconf 55' lang='grc' dir='ltr'>ωις-ηυυυνννιννωυννι</span> <span class='ocrx_word' id='word_1_8' title='bbox 1314 294 1433 308; x_wconf 48' lang='grc' dir='ltr'>ωννιυιικ</span> <span class='ocrx_word' id='word_1_9' title='bbox 1441 296 1448 305; x_wconf 67' lang='lat' dir='ltr'>x</span> <span class='ocrx_word' id='word_1_10' title='bbox 1453 293 1488 306; x_wconf 56' lang='lat' dir='ltr'>xm</span> 
     </span>
    </p>
   </div>
   <div class='ocr_carea' id='block_1_2' title="bbox 588 510 1049 565">
    <p class='ocr_par' dir='ltr' id='par_1_2' title="bbox 588 510 1049 565">
     <span class='ocr_line' id='line_1_2' title="bbox 588 510 1049 565; baseline 0 -1"><span class='ocrx_word' id='word_1_11' title='bbox 588 510 844 565; x_wconf 87' lang='lat' dir='ltr'>LIBER</span> <span class='ocrx_word' id='word_1_12' title='bbox 887 511 1049 564; x_wconf 89' lang='lat' dir='ltr'><strong>XIX.</strong></span> 
     </span>
    </p>
   </div>
   <div class='ocr_carea' id='block_1_3' title="bbox 130 880 1506 2647">
    <p class='ocr_par' dir='ltr' id='par_1_3' title="bbox 130 880 1506 2647">
     <span class='ocr_line' id='line_1_3' title="bbox 132 880 1501 981; baseline 0.001 -19"><span class='ocrx_word' id='word_1_13' title='bbox 132 922 164 962; x_wconf 91' lang='grc' dir='ltr'>Ι,</span> <span class='ocrx_word' id='word_1_14' title='bbox 203 880 410 972; x_wconf 74' lang='lat' dir='ltr'><strong>MAGO,</strong></span> <span class='ocrx_word' id='word_1_15' title='bbox 437 917 864 977; x_wconf 84' lang='lat' dir='ltr'>Carthaginiensium</span> <span class='ocrx_word' id='word_1_16' title='bbox 898 919 1147 978; x_wconf 76' lang='lat' dir='ltr'>imperator,</span> <span class='ocrx_word' id='word_1_17' title='bbox 1176 935 1311 978; x_wconf 88' lang='lat' dir='ltr'>quum</span> <span class='ocrx_word' id='word_1_18' title='bbox 1336 922 1501 981; x_wconf 88' lang='lat' dir='ltr'>primus</span> 
     </span>
     <span class='ocr_line' id='line_1_4' title="bbox 133 995 1500 1059; baseline 0.001 -17"><span class='ocrx_word' id='word_1_19' title='bbox 133 999 330 1042; x_wconf 90' lang='lat' dir='ltr'>omnium</span> <span class='ocrx_word' id='word_1_20' title='bbox 344 1032 356 1053; x_wconf 85' lang='lat'>,</span> <span class='ocrx_word' id='word_1_21' title='bbox 384 996 584 1041; x_wconf 89' lang='lat' dir='ltr'>ordinata</span> <span class='ocrx_word' id='word_1_22' title='bbox 608 995 833 1056; x_wconf 85' lang='lat' dir='ltr'>disciplina</span> <span class='ocrx_word' id='word_1_23' title='bbox 853 995 1056 1053; x_wconf 78' lang='lat' dir='ltr'>militari,</span> <span class='ocrx_word' id='word_1_24' title='bbox 1088 999 1320 1059; x_wconf 90' lang='lat' dir='ltr'>imperium</span> <span class='ocrx_word' id='word_1_25' title='bbox 1344 1002 1500 1044; x_wconf 87' lang='lat' dir='ltr'>Poeno-</span> 
     </span>
     <span class='ocr_line' id='line_1_5' title="bbox 133 1076 1500 1135; baseline 0.002 -15"><span class='ocrx_word' id='word_1_26' title='bbox 133 1094 230 1121; x_wconf 90' lang='lat' dir='ltr'>rum</span> <span class='ocrx_word' id='word_1_27' title='bbox 257 1076 542 1132; x_wconf 89' lang='lat' dir='ltr'>condidisset,</span> <span class='ocrx_word' id='word_1_28' title='bbox 566 1078 764 1135; x_wconf 90' lang='lat' dir='ltr'>viresque</span> <span class='ocrx_word' id='word_1_29' title='bbox 791 1077 999 1133; x_wconf 82' lang='lat' dir='ltr'>civitatis,</span> <span class='ocrx_word' id='word_1_30' title='bbox 1024 1093 1113 1120; x_wconf 90' lang='lat' dir='ltr'>non</span> <span class='ocrx_word' id='word_1_31' title='bbox 1140 1079 1285 1122; x_wconf 90' lang='lat' dir='ltr'>minus</span> <span class='ocrx_word' id='word_1_32' title='bbox 1311 1078 1500 1123; x_wconf 90' lang='lat' dir='ltr'>bellandi</span> 
     </span>
     <span class='ocr_line' id='line_1_6' title="bbox 132 1155 1503 1217; baseline 0 -17"><span class='ocrx_word' id='word_1_33' title='bbox 132 1166 245 1212; x_wconf 85' lang='lat' dir='ltr'>arte,</span> <span class='ocrx_word' id='word_1_34' title='bbox 278 1172 407 1216; x_wconf 89' lang='lat' dir='ltr'>quam</span> <span class='ocrx_word' id='word_1_35' title='bbox 443 1157 630 1211; x_wconf 86' lang='lat' dir='ltr'>virtute,</span> <span class='ocrx_word' id='word_1_36' title='bbox 667 1155 902 1212; x_wconf 84' lang='lat' dir='ltr'>firmasset,</span> <span class='ocrx_word' id='word_1_37' title='bbox 938 1155 1051 1199; x_wconf 77' lang='lat' dir='ltr'>diem</span> <span class='ocrx_word' id='word_1_38' title='bbox 1089 1157 1308 1217; x_wconf 79' lang='lat' dir='ltr'>fungitur,</span> <span class='ocrx_word' id='word_1_39' title='bbox 1343 1158 1503 1202; x_wconf 68' lang='lat' dir='ltr'>relictis</span> 
     </span>
     <span class='ocr_line' id='line_1_7' title="bbox 134 1233 1504 1297; baseline 0.002 -20"><span class='ocrx_word' id='word_1_40' title='bbox 134 1236 303 1279; x_wconf 88' lang='lat' dir='ltr'>duobus</span> <span class='ocrx_word' id='word_1_41' title='bbox 327 1234 444 1290; x_wconf 84' lang='lat' dir='ltr'>filiis,</span> <span class='ocrx_word' id='word_1_42' title='bbox 468 1233 739 1278; x_wconf 85' lang='lat' dir='ltr'>Hasdrubale</span> <span class='ocrx_word' id='word_1_43' title='bbox 760 1245 801 1278; x_wconf 90' lang='lat' dir='ltr'>et</span> <span class='ocrx_word' id='word_1_44' title='bbox 818 1233 1089 1278; x_wconf 83' lang='lat' dir='ltr'>Hamilcare:</span> <span class='ocrx_word' id='word_1_45' title='bbox 1113 1238 1210 1295; x_wconf 88' lang='lat' dir='ltr'>qui,</span> <span class='ocrx_word' id='word_1_46' title='bbox 1230 1253 1308 1296; x_wconf 86' lang='lat' dir='ltr'>per</span> <span class='ocrx_word' id='word_1_47' title='bbox 1322 1238 1504 1297; x_wconf 76' lang='lat' dir='ltr'>vestigia</span> 
     </span>
     <span class='ocr_line' id='line_1_8' title="bbox 132 1314 1504 1376; baseline 0.001 -18"><span class='ocrx_word' id='word_1_48' title='bbox 132 1325 323 1375; x_wconf 75' lang='lat' dir='ltr'>paternae</span> <span class='ocrx_word' id='word_1_49' title='bbox 345 1315 518 1358; x_wconf 91' lang='lat' dir='ltr'>virtutis</span> <span class='ocrx_word' id='word_1_50' title='bbox 538 1314 836 1368; x_wconf 80' lang='lat' dir='ltr'>decurrentes,</span> <span class='ocrx_word' id='word_1_51' title='bbox 862 1314 987 1357; x_wconf 89' lang='lat' dir='ltr'>sicuti</span> <span class='ocrx_word' id='word_1_52' title='bbox 1006 1315 1177 1374; x_wconf 86' lang='lat' dir='ltr'>generi,</span> <span class='ocrx_word' id='word_1_53' title='bbox 1199 1315 1259 1358; x_wconf 88' lang='lat' dir='ltr'>ita</span> <span class='ocrx_word' id='word_1_54' title='bbox 1275 1326 1318 1359; x_wconf 90' lang='lat' dir='ltr'>et</span> <span class='ocrx_word' id='word_1_55' title='bbox 1336 1318 1504 1376; x_wconf 83' lang='lat' dir='ltr'>magni-</span> 
     </span>
     <span class='ocr_line' id='line_1_9' title="bbox 132 1392 1503 1454; baseline 0 -17"><span class='ocrx_word' id='word_1_56' title='bbox 132 1393 274 1437; x_wconf 87' lang='lat' dir='ltr'>tudini</span> <span class='ocrx_word' id='word_1_57' title='bbox 302 1394 436 1454; x_wconf 87' lang='lat' dir='ltr'>patris</span> <span class='ocrx_word' id='word_1_58' title='bbox 463 1403 770 1436; x_wconf 88' lang='lat' dir='ltr'>successerunt.</span> <span class='ocrx_word' id='word_1_59' title='bbox 798 1393 875 1435; x_wconf 86' lang='lat' dir='ltr'>His</span> <span class='ocrx_word' id='word_1_60' title='bbox 900 1392 1082 1436; x_wconf 87' lang='lat' dir='ltr'>ducibus</span> <span class='ocrx_word' id='word_1_61' title='bbox 1111 1394 1319 1438; x_wconf 79' lang='lat' dir='ltr'>Sardiniae</span> <span class='ocrx_word' id='word_1_62' title='bbox 1343 1394 1503 1438; x_wconf 89' lang='lat' dir='ltr'>bellum</span> 
     </span>
     <span class='ocr_line' id='line_1_10' title="bbox 133 1472 1502 1533; baseline 0.001 -17"><span class='ocrx_word' id='word_1_63' title='bbox 133 1472 326 1527; x_wconf 87' lang='lat' dir='ltr'>illatum;</span> <span class='ocrx_word' id='word_1_64' title='bbox 353 1472 558 1516; x_wconf 89' lang='lat' dir='ltr'>adversus</span> <span class='ocrx_word' id='word_1_65' title='bbox 579 1472 705 1516; x_wconf 87' lang='lat' dir='ltr'>Afros</span> <span class='ocrx_word' id='word_1_66' title='bbox 730 1489 929 1532; x_wconf 82' lang='lat' dir='ltr'>quoque,</span> <span class='ocrx_word' id='word_1_67' title='bbox 953 1472 1136 1533; x_wconf 87' lang='lat' dir='ltr'>vectigal</span> <span class='ocrx_word' id='word_1_68' title='bbox 1162 1490 1242 1533; x_wconf 88' lang='lat' dir='ltr'>pro</span> <span class='ocrx_word' id='word_1_69' title='bbox 1266 1473 1358 1517; x_wconf 90' lang='lat' dir='ltr'>solo</span> <span class='ocrx_word' id='word_1_70' title='bbox 1383 1475 1502 1517; x_wconf 83' lang='lat' dir='ltr'>urbis</span> 
     </span>
     <span class='ocr_line' id='line_1_11' title="bbox 131 1551 1502 1613; baseline 0.001 -18"><span class='ocrx_word' id='word_1_71' title='bbox 131 1551 371 1596; x_wconf 91' lang='lat' dir='ltr'>multorum</span> <span class='ocrx_word' id='word_1_72' title='bbox 399 1568 615 1595; x_wconf 89' lang='lat' dir='ltr'>annorum</span> <span class='ocrx_word' id='word_1_73' title='bbox 647 1561 914 1613; x_wconf 84' lang='lat' dir='ltr'>repetentes,</span> <span class='ocrx_word' id='word_1_74' title='bbox 954 1551 1208 1595; x_wconf 85' lang='lat' dir='ltr'>dimicatum</span> <span class='ocrx_word' id='word_1_75' title='bbox 1236 1570 1244 1595; x_wconf 83' lang='lat' dir='ltr'><strong><em>z</em></strong></span> <span class='ocrx_word' id='word_1_76' title='bbox 1274 1553 1347 1596; x_wconf 89' lang='lat' dir='ltr'>sed</span> <span class='ocrx_word' id='word_1_77' title='bbox 1378 1553 1502 1596; x_wconf 90' lang='lat' dir='ltr'>Afro-</span> 
     </span>
     <span class='ocr_line' id='line_1_12' title="bbox 133 1631 1504 1692; baseline 0.001 -18"><span class='ocrx_word' id='word_1_78' title='bbox 133 1648 230 1674; x_wconf 87' lang='lat' dir='ltr'>rum</span> <span class='ocrx_word' id='word_1_79' title='bbox 263 1632 390 1675; x_wconf 86' lang='lat' dir='ltr'>sicuti</span> <span class='ocrx_word' id='word_1_80' title='bbox 422 1648 549 1674; x_wconf 90' lang='lat' dir='ltr'>causa</span> <span class='ocrx_word' id='word_1_81' title='bbox 582 1632 764 1691; x_wconf 84' lang='lat' dir='ltr'>justior,</span> <span class='ocrx_word' id='word_1_82' title='bbox 801 1632 860 1674; x_wconf 93' lang='lat' dir='ltr'>ita</span> <span class='ocrx_word' id='word_1_83' title='bbox 887 1641 928 1674; x_wconf 92' lang='lat' dir='ltr'>et</span> <span class='ocrx_word' id='word_1_84' title='bbox 958 1631 1134 1674; x_wconf 86' lang='lat' dir='ltr'>fortuna</span> <span class='ocrx_word' id='word_1_85' title='bbox 1166 1633 1365 1692; x_wconf 84' lang='lat' dir='ltr'>superior</span> <span class='ocrx_word' id='word_1_86' title='bbox 1393 1633 1504 1687; x_wconf 78' lang='lat' dir='ltr'>fuit3</span> 
     </span>
     <span class='ocr_line' id='line_1_13' title="bbox 132 1709 1503 1771; baseline 0.002 -18"><span class='ocrx_word' id='word_1_87' title='bbox 132 1710 382 1771; x_wconf 90' lang='lat' dir='ltr'>bellumque</span> <span class='ocrx_word' id='word_1_88' title='bbox 399 1728 496 1754; x_wconf 87' lang='lat' dir='ltr'>cum</span> <span class='ocrx_word' id='word_1_89' title='bbox 510 1711 577 1754; x_wconf 79' lang='lat' dir='ltr'>his</span> <span class='ocrx_word' id='word_1_90' title='bbox 593 1709 808 1754; x_wconf 89' lang='lat' dir='ltr'>solutione</span> <span class='ocrx_word' id='word_1_91' title='bbox 827 1711 1041 1770; x_wconf 79' lang='lat' dir='ltr'>pecuniae,</span> <span class='ocrx_word' id='word_1_92' title='bbox 1062 1728 1150 1754; x_wconf 93' lang='lat' dir='ltr'>non</span> <span class='ocrx_word' id='word_1_93' title='bbox 1168 1712 1298 1754; x_wconf 88' lang='lat' dir='ltr'>armis</span> <span class='ocrx_word' id='word_1_94' title='bbox 1317 1711 1503 1756; x_wconf 87' lang='lat' dir='ltr'>finitum.</span> 
     </span>
     <span class='ocr_line' id='line_1_14' title="bbox 132 1789 1505 1850; baseline 0.001 -17"><span class='ocrx_word' id='word_1_95' title='bbox 132 1793 183 1833; x_wconf 90' lang='lat' dir='ltr'>In</span> <span class='ocrx_word' id='word_1_96' title='bbox 212 1790 412 1834; x_wconf 86' lang='lat' dir='ltr'>Sardinia</span> <span class='ocrx_word' id='word_1_97' title='bbox 440 1806 614 1850; x_wconf 90' lang='lat' dir='ltr'>quoque</span> <span class='ocrx_word' id='word_1_98' title='bbox 638 1789 882 1833; x_wconf 85' lang='lat' dir='ltr'>Hasdrubal</span> <span class='ocrx_word' id='word_1_99' title='bbox 909 1791 1097 1850; x_wconf 85' lang='lat' dir='ltr'>graviter</span> <span class='ocrx_word' id='word_1_100' title='bbox 1127 1789 1401 1848; x_wconf 80' lang='lat' dir='ltr'>vulneratus,</span> <span class='ocrx_word' id='word_1_101' title='bbox 1427 1793 1505 1834; x_wconf 92' lang='lat' dir='ltr'>im-</span> 
     </span>
     <span class='ocr_line' id='line_1_15' title="bbox 132 1870 1502 1932; baseline 0.001 -18"><span class='ocrx_word' id='word_1_102' title='bbox 132 1873 254 1930; x_wconf 91' lang='lat' dir='ltr'>perio</span> <span class='ocrx_word' id='word_1_103' title='bbox 284 1870 520 1914; x_wconf 87' lang='lat' dir='ltr'>Hamilcari</span> <span class='ocrx_word' id='word_1_104' title='bbox 549 1871 671 1914; x_wconf 87' lang='lat' dir='ltr'>fratri</span> <span class='ocrx_word' id='word_1_105' title='bbox 706 1870 888 1927; x_wconf 81' lang='lat' dir='ltr'>tradito,</span> <span class='ocrx_word' id='word_1_106' title='bbox 925 1871 1118 1914; x_wconf 88' lang='lat' dir='ltr'>interiit:</span> <span class='ocrx_word' id='word_1_107' title='bbox 1147 1873 1270 1932; x_wconf 85' lang='lat' dir='ltr'>cujus</span> <span class='ocrx_word' id='word_1_108' title='bbox 1301 1883 1502 1929; x_wconf 74' lang='lat' dir='ltr'>mortem,</span> 
     </span>
     <span class='ocr_line' id='line_1_16' title="bbox 131 1949 1504 2010; baseline 0.001 -17"><span class='ocrx_word' id='word_1_109' title='bbox 131 1967 267 2010; x_wconf 88' lang='lat' dir='ltr'>quum</span> <span class='ocrx_word' id='word_1_110' title='bbox 302 1949 446 1994; x_wconf 88' lang='lat' dir='ltr'>luctus</span> <span class='ocrx_word' id='word_1_111' title='bbox 483 1951 691 2007; x_wconf 77' lang='lat' dir='ltr'>civitatis⁷</span> <span class='ocrx_word' id='word_1_112' title='bbox 724 1960 817 1993; x_wconf 92' lang='lat' dir='ltr'>tum</span> <span class='ocrx_word' id='word_1_113' title='bbox 858 1960 900 1993; x_wconf 93' lang='lat' dir='ltr'>et</span> <span class='ocrx_word' id='word_1_114' title='bbox 938 1950 1163 1994; x_wconf 81' lang='lat' dir='ltr'>dictaturae</span> <span class='ocrx_word' id='word_1_115' title='bbox 1201 1951 1400 1995; x_wconf 91' lang='lat' dir='ltr'>undecim</span> <span class='ocrx_word' id='word_1_116' title='bbox 1417 1987 1428 2009; x_wconf 70' lang='lat'><strong><em>7</em></strong></span> <span class='ocrx_word' id='word_1_117' title='bbox 1464 1962 1504 1995; x_wconf 81' lang='lat' dir='ltr'>et</span> 
     </span>
     <span class='ocr_line' id='line_1_17' title="bbox 131 2029 1503 2091; baseline 0.002 -19"><span class='ocrx_word' id='word_1_118' title='bbox 131 2031 343 2090; x_wconf 85' lang='lat' dir='ltr'>triumphi</span> <span class='ocrx_word' id='word_1_119' title='bbox 365 2040 553 2090; x_wconf 87' lang='lat' dir='ltr'>quatuor</span> <span class='ocrx_word' id='word_1_120' title='bbox 577 2030 789 2090; x_wconf 82' lang='lat' dir='ltr'>insignem</span> <span class='ocrx_word' id='word_1_121' title='bbox 808 2029 946 2073; x_wconf 89' lang='lat' dir='ltr'>fecere</span> <span class='ocrx_word' id='word_1_122' title='bbox 967 2047 975 2073; x_wconf 94' lang='lat'><strong>:</strong></span> <span class='ocrx_word' id='word_1_123' title='bbox 998 2030 1194 2074; x_wconf 88' lang='lat' dir='ltr'>hostibus</span> <span class='ocrx_word' id='word_1_124' title='bbox 1220 2047 1394 2091; x_wconf 91' lang='lat' dir='ltr'>quoque</span> <span class='ocrx_word' id='word_1_125' title='bbox 1414 2048 1503 2075; x_wconf 92' lang='lat' dir='ltr'>cre-</span> 
     </span>
     <span class='ocr_line' id='line_1_18' title="bbox 131 2108 1502 2164; baseline 0.001 -12"><span class='ocrx_word' id='word_1_126' title='bbox 131 2126 232 2153; x_wconf 83' lang='lat' dir='ltr'>vere</span> <span class='ocrx_word' id='word_1_127' title='bbox 249 2111 405 2164; x_wconf 86' lang='lat' dir='ltr'>animi,</span> <span class='ocrx_word' id='word_1_128' title='bbox 434 2108 565 2152; x_wconf 88' lang='lat' dir='ltr'>veluti</span> <span class='ocrx_word' id='word_1_129' title='bbox 591 2126 691 2152; x_wconf 91' lang='lat' dir='ltr'>cum</span> <span class='ocrx_word' id='word_1_130' title='bbox 712 2109 821 2153; x_wconf 90' lang='lat' dir='ltr'>duce</span> <span class='ocrx_word' id='word_1_131' title='bbox 844 2110 956 2153; x_wconf 90' lang='lat' dir='ltr'>vires</span> <span class='ocrx_word' id='word_1_132' title='bbox 978 2112 1212 2154; x_wconf 90' lang='lat' dir='ltr'>Poenorum</span> <span class='ocrx_word' id='word_1_133' title='bbox 1236 2110 1502 2154; x_wconf 85' lang='lat' dir='ltr'>cecidissent.</span> 
     </span>
     <span class='ocr_line' id='line_1_19' title="bbox 131 2189 1502 2251; baseline 0.001 -18"><span class='ocrx_word' id='word_1_134' title='bbox 131 2193 285 2249; x_wconf 84' lang='lat' dir='ltr'>Itaque</span> <span class='ocrx_word' id='word_1_135' title='bbox 303 2189 458 2233; x_wconf 83' lang='lat' dir='ltr'>Siciliae</span> <span class='ocrx_word' id='word_1_136' title='bbox 479 2189 651 2250; x_wconf 89' lang='lat' dir='ltr'>populis</span> <span class='ocrx_word' id='word_1_137' title='bbox 670 2199 851 2250; x_wconf 89' lang='lat' dir='ltr'>propter</span> <span class='ocrx_word' id='word_1_138' title='bbox 868 2190 1058 2233; x_wconf 83' lang='lat' dir='ltr'>assiduas</span> <span class='ocrx_word' id='word_1_139' title='bbox 1078 2190 1502 2251; x_wconf 84' lang='lat' dir='ltr'>Carthaginiensium</span> 
     </span>
     <span class='ocr_line' id='line_1_20' title="bbox 133 2268 1506 2330; baseline 0.002 -18"><span class='ocrx_word' id='word_1_140' title='bbox 133 2270 332 2329; x_wconf 80' lang='lat' dir='ltr'>injurias,</span> <span class='ocrx_word' id='word_1_141' title='bbox 354 2269 408 2312; x_wconf 92' lang='lat' dir='ltr'>ad</span> <span class='ocrx_word' id='word_1_142' title='bbox 426 2269 667 2312; x_wconf 87' lang='lat' dir='ltr'>Leonidam</span> <span class='ocrx_word' id='word_1_143' title='bbox 681 2304 692 2323; x_wconf 91' lang='lat'>‚</span> <span class='ocrx_word' id='word_1_144' title='bbox 714 2268 891 2312; x_wconf 90' lang='lat' dir='ltr'>fratrem</span> <span class='ocrx_word' id='word_1_145' title='bbox 909 2270 1022 2330; x_wconf 85' lang='lat' dir='ltr'>regis</span> <span class='ocrx_word' id='word_1_146' title='bbox 1040 2272 1381 2329; x_wconf 79' lang='lat' dir='ltr'>Spartanorum,</span> <span class='ocrx_word' id='word_1_147' title='bbox 1404 2288 1506 2315; x_wconf 90' lang='lat' dir='ltr'>con—</span> 
     </span>
     <span class='ocr_line' id='line_1_21' title="bbox 132 2348 1506 2410; baseline 0.001 -18"><span class='ocrx_word' id='word_1_148' title='bbox 132 2349 407 2393; x_wconf 77' lang='lat' dir='ltr'>currentibus</span> <span class='ocrx_word' id='word_1_149' title='bbox 422 2384 432 2404; x_wconf 79' lang='lat'>,</span> <span class='ocrx_word' id='word_1_150' title='bbox 455 2366 584 2409; x_wconf 82' lang='lat' dir='ltr'>grave</span> <span class='ocrx_word' id='word_1_151' title='bbox 604 2348 767 2392; x_wconf 91' lang='lat' dir='ltr'>bellum</span> <span class='ocrx_word' id='word_1_152' title='bbox 786 2359 937 2393; x_wconf 92' lang='lat' dir='ltr'>natum</span> <span class='ocrx_word' id='word_1_153' title='bbox 957 2367 965 2392; x_wconf 79' lang='lat' dir='ltr'>z</span> <span class='ocrx_word' id='word_1_154' title='bbox 983 2350 1027 2392; x_wconf 92' lang='lat' dir='ltr'>in</span> <span class='ocrx_word' id='word_1_155' title='bbox 1049 2366 1136 2410; x_wconf 91' lang='lat' dir='ltr'>quo</span> <span class='ocrx_word' id='word_1_156' title='bbox 1153 2360 1196 2393; x_wconf 88' lang='lat' dir='ltr'>et</span> <span class='ocrx_word' id='word_1_157' title='bbox 1213 2350 1309 2407; x_wconf 84' lang='lat' dir='ltr'>diu,</span> <span class='ocrx_word' id='word_1_158' title='bbox 1327 2360 1369 2394; x_wconf 91' lang='lat' dir='ltr'>et</span> <span class='ocrx_word' id='word_1_159' title='bbox 1387 2352 1506 2394; x_wconf 86' lang='lat' dir='ltr'>varia</span> 
     </span>
     <span class='ocr_line' id='line_1_22' title="bbox 131 2427 1505 2491; baseline 0.004 -23"><span class='ocrx_word' id='word_1_160' title='bbox 131 2430 311 2472; x_wconf 82' lang='lat' dir='ltr'>victoria</span> <span class='ocrx_word' id='word_1_161' title='bbox 339 2427 583 2488; x_wconf 87' lang='lat' dir='ltr'>proeliatum</span> <span class='ocrx_word' id='word_1_162' title='bbox 610 2429 703 2472; x_wconf 88' lang='lat' dir='ltr'>fuit.</span> <span class='ocrx_word' id='word_1_163' title='bbox 730 2431 849 2472; x_wconf 88' lang='lat' dir='ltr'>Dum</span> <span class='ocrx_word' id='word_1_164' title='bbox 872 2429 962 2472; x_wconf 88' lang='lat' dir='ltr'>haec</span> <span class='ocrx_word' id='word_1_165' title='bbox 990 2439 1196 2489; x_wconf 83' lang='lat' dir='ltr'>aguntur,</span> <span class='ocrx_word' id='word_1_166' title='bbox 1219 2428 1352 2491; x_wconf 84' lang='lat' dir='ltr'>legati</span> <span class='ocrx_word' id='word_1_167' title='bbox 1373 2448 1397 2473; x_wconf 86' lang='lat' dir='ltr'>a</span> <span class='ocrx_word' id='word_1_168' title='bbox 1417 2433 1505 2474; x_wconf 89' lang='lat' dir='ltr'>Da-</span> 
     </span>
     <span class='ocr_line' id='line_1_23' title="bbox 131 2510 1505 2569; baseline 0.001 -18"><span class='ocrx_word' id='word_1_169' title='bbox 131 2511 219 2562; x_wconf 84' lang='lat' dir='ltr'>rio,</span> <span class='ocrx_word' id='word_1_170' title='bbox 248 2511 478 2552; x_wconf 81' lang='lat' dir='ltr'>Persarum</span> <span class='ocrx_word' id='word_1_171' title='bbox 511 2525 636 2569; x_wconf 79' lang='lat' dir='ltr'>rege,</span> <span class='ocrx_word' id='word_1_172' title='bbox 666 2510 977 2569; x_wconf 84' lang='lat' dir='ltr'>Carthaginem</span> <span class='ocrx_word' id='word_1_173' title='bbox 1010 2520 1247 2565; x_wconf 82' lang='lat' dir='ltr'>venerunt,</span> <span class='ocrx_word' id='word_1_174' title='bbox 1280 2510 1505 2554; x_wconf 84' lang='lat' dir='ltr'>afferentes</span> 
     </span>
     <span class='ocr_line' id='line_1_24' title="bbox 130 2588 1503 2647; baseline 0.001 -17"><span class='ocrx_word' id='word_1_175' title='bbox 130 2588 339 2643; x_wconf 70' lang='lat' dir='ltr'>edictum,</span> <span class='ocrx_word' id='word_1_176' title='bbox 362 2605 448 2647; x_wconf 91' lang='lat' dir='ltr'>quo</span> <span class='ocrx_word' id='word_1_177' title='bbox 470 2589 588 2631; x_wconf 88' lang='lat' dir='ltr'>Poeni</span> <span class='ocrx_word' id='word_1_178' title='bbox 608 2588 818 2631; x_wconf 87' lang='lat' dir='ltr'>humanas</span> <span class='ocrx_word' id='word_1_179' title='bbox 839 2589 1002 2632; x_wconf 86' lang='lat' dir='ltr'>hostias</span> <span class='ocrx_word' id='word_1_180' title='bbox 1021 2589 1265 2643; x_wconf 86' lang='lat' dir='ltr'>immolare,</span> <span class='ocrx_word' id='word_1_181' title='bbox 1285 2601 1326 2633; x_wconf 92' lang='lat' dir='ltr'>et</span> <span class='ocrx_word' id='word_1_182' title='bbox 1351 2591 1503 2633; x_wconf 85' lang='lat' dir='ltr'>canina</span> 
     </span>
    </p>
   </div>
   <div class='ocr_carea' id='block_1_4' title="bbox 130 2668 1505 2728">
    <p class='ocr_par' dir='ltr' id='par_1_4' title="bbox 130 2668 1505 2728">
     <span class='ocr_line' id='line_1_25' title="bbox 130 2668 1505 2728; baseline 0 -18"><span class='ocrx_word' id='word_1_183' title='bbox 130 2669 242 2711; x_wconf 62' lang='lat' dir='ltr'>‘vesci</span> <span class='ocrx_word' id='word_1_184' title='bbox 271 2668 646 2728; x_wconf 76' lang='lat' dir='ltr'>prohibebamur3</span> <span class='ocrx_word' id='word_1_185' title='bbox 675 2678 1037 2728; x_wconf 74' lang='lat' dir='ltr'>mortuorumque</span> <span class='ocrx_word' id='word_1_186' title='bbox 1071 2686 1255 2728; x_wconf 84' lang='lat' dir='ltr'>corpora</span> <span class='ocrx_word' id='word_1_187' title='bbox 1284 2680 1396 2712; x_wconf 80' lang='lat' dir='ltr'>terra</span> <span class='ocrx_word' id='word_1_188' title='bbox 1429 2685 1505 2727; x_wconf 88' lang='lat' dir='ltr'>po-</span> 
     </span>
    </p>
   </div>
  </div>
 </body>
</html>
