1783 3282
313 294 332 331 ι,
904 286 1090 321 JU5T1N1

310 375 415 416 sime
441 379 666 430 spectasse.
698 372 790 412 Hoc
818 370 978 423 occiso,
1010 371 1099 428 ipse
1128 368 1327 423 decessit,
1356 366 1507 411 relicto
1535 367 1674 425 impu-

312 451 410 493 bere
435 448 578 492 adhuc
601 447 690 491 filio
712 449 855 508 Ninya
870 482 880 502 ,
906 458 948 490 et
971 463 1104 490 uxore
1126 446 1420 489 Semiramide.

374 530 429 570 11.
457 530 559 570 Haec
582 543 660 570 nec
683 527 916 569 immaturo
938 541 1072 585 puero
1096 540 1201 567 ausa
1222 524 1392 567 tradere
1416 523 1647 583 imperium
1662 556 1673 577 ,

310 623 387 650 uec
416 608 508 666 ipsa
533 606 674 666 palam
703 614 916 659 tractare,
946 613 1009 647 tot
1041 620 1090 646 ac
1120 604 1248 646 tantis
1277 602 1477 663 gentibus
1503 602 1575 644 vix
1602 618 1675 661 pa-

311 686 466 728 tienter
501 685 576 728 uni
608 685 724 739 viro,
763 682 922 725 nedum
959 682 1126 725 feminae
1159 681 1388 741 parituris,
1422 679 1596 723 simulat
1631 696 1674 723 se

310 780 388 822 pro
403 779 536 806 uxore
559 762 687 817 Nini,
707 760 868 815 filium,
892 777 970 820 pro
989 760 1167 815 femina,
1184 774 1385 819 puerum.
1402 760 1512 803 Nam
1533 768 1576 801 et
1593 768 1675 802 sta-

311 852 406 885 tura
430 843 603 900 utrique
631 840 860 883 mediocris
875 873 886 895 ,
916 849 958 882 et
979 854 1059 881 vox
1087 838 1249 898 pariter
1273 836 1462 898 gracilis,
1485 847 1528 880 et
1547 836 1676 880 linea-

309 930 554 963 mentorum
578 918 763 978 qualitas
785 919 914 961 matri
943 934 992 960 ac
1020 916 1110 960 filio
1140 915 1303 959 similis.
1335 918 1475 977 Igitur
1496 916 1674 959 brachia

309 1017 358 1043 ac
387 1016 514 1042 crura
541 998 818 1053 velamentis,
851 1007 981 1057 caput
1011 998 1118 1039 tiara
1145 997 1274 1056 tegit,
1308 1005 1350 1038 et
1378 1012 1430 1039 ne
1458 1012 1572 1038 novo
1601 996 1675 1038 ha-

309 1080 401 1122 bitu
429 1077 591 1137 aliquid
613 1077 832 1120 occultare
854 1076 1088 1131 videretur,
1115 1075 1267 1118 eodem
1292 1085 1451 1118 ornatu
1475 1085 1518 1118 et
1539 1092 1675 1135 popu-

310 1158 400 1200 lum
422 1159 569 1200 vestiri
593 1157 718 1216 jubet
745 1174 753 1199 :
779 1173 907 1215 quem
935 1172 1101 1198 morem
1124 1156 1253 1198 vestis
1282 1155 1435 1198 exinde
1459 1172 1561 1215 gens
1584 1157 1676 1198 uni-

308 1253 431 1280 versa
454 1246 584 1279 tenet.
613 1237 682 1279 Sic
711 1237 860 1295 primis
883 1237 1015 1278 initiis
1043 1251 1193 1278 sexum
1218 1236 1424 1291 mentita,
1448 1251 1556 1294 puer
1583 1251 1674 1278 cre-

310 1315 399 1358 dita
420 1325 497 1358 est.
524 1317 705 1374 Magnas
727 1314 880 1357 deinde
904 1330 970 1357 res
995 1314 1123 1374 gessit
1147 1331 1155 1356 :
1182 1330 1365 1373 quarum
1388 1313 1676 1373 amplitudine

310 1394 383 1436 ubi
407 1393 611 1436 invidiam
633 1403 879 1452 superatam
906 1401 1031 1452 putat
1048 1426 1059 1447 ,
1084 1409 1177 1451 quae
1205 1393 1260 1435 sit
1286 1392 1465 1448 fatetur,
1493 1410 1676 1452 quemve

311 1472 565 1515 simulasset.
602 1473 694 1515 Nec
726 1472 809 1514 hoc
841 1470 903 1513 illi
934 1471 1188 1531 dignitatem
1221 1472 1343 1531 regni
1380 1471 1564 1527 ademit,
1603 1472 1675 1515 sed

309 1551 640 1594 admirationem
677 1552 819 1604 auxit3
861 1549 977 1608 quod
1016 1549 1172 1592 mulier
1211 1566 1298 1593 non
1334 1550 1515 1593 feminas
1546 1550 1676 1593 modo

311 1630 488 1684 virtute,
517 1629 590 1672 sed
617 1631 745 1672 etiam
771 1631 885 1672 viros
912 1630 1109 1672 anteiret.
1139 1631 1239 1672 Haee
1266 1628 1548 1689 Babyloniam
1577 1646 1678 1672 con—

310 1708 444 1763 didit,
481 1725 743 1767 murumque
774 1708 891 1751 urbis
920 1718 1045 1751 cocto
1073 1707 1205 1750 latere
1239 1708 1552 1763 circumdedit,
1591 1725 1679 1751 are-

310 1804 374 1830 nae
402 1789 513 1843 viee,
546 1788 758 1830 bitumine
788 1788 1038 1830 interstrato
1064 1804 1072 1829 :
1100 1804 1194 1846 quae
1219 1788 1399 1830 materia
1431 1789 1474 1829 in
1500 1786 1582 1830 illis
1615 1787 1678 1830 lo-

311 1868 371 1909 cis
402 1867 560 1926 passim
587 1883 609 1909 e
637 1876 751 1909 terra
773 1875 990 1909 exaestuat.
1022 1865 1163 1908 Multa
1189 1876 1231 1908 et
1254 1865 1335 1909 alia
1362 1866 1568 1925 praeclara
1596 1867 1678 1910 hu-

308 1946 376 2004 jus
409 1946 567 2005 reginae
594 1944 726 1988 fuere.
763 1945 984 2004 Siquidem
1023 1961 1109 1987 non
1148 1955 1352 1987 contenta
1390 1946 1622 2004 acquisitos
1656 1963 1678 1989 a

310 2025 404 2066 viro
442 2025 564 2084 regni
602 2025 806 2067 terminos
837 2025 968 2079 tueri,
999 2024 1261 2083 AEthiopiam
1290 2040 1462 2084 quoque
1496 2025 1678 2085 imperio

312 2102 483 2161 adjecit.
515 2102 598 2145 Sed
622 2112 664 2145 et
691 2102 826 2145 Indiae
859 2101 1020 2147 bellum
1057 2101 1221 2157 intulit3
1253 2119 1339 2161 quo
1371 2112 1526 2162 praeter
1560 2103 1676 2147 illam

312 2191 354 2223 et
379 2181 673 2224 Alexandrum
704 2183 914 2241 Magnum
941 2198 1067 2224 nemo
1097 2181 1286 2224 intravit.
1312 2181 1382 2224 Ad
1408 2191 1675 2242 postremum

312 2277 447 2319 quum
488 2260 769 2303 concubitum
811 2260 886 2302 filii
929 2261 1126 2320 petisset,
1167 2261 1220 2303 ab
1258 2260 1409 2303 eodem
1452 2262 1679 2305 interfecta

312 2349 395 2394 est,
419 2339 506 2382 duo
529 2349 571 2382 et
594 2339 878 2399 quadraginta
903 2356 1037 2382 annos
1060 2350 1157 2399 post
1178 2341 1345 2384 Ninum
1367 2356 1501 2401 regno
1524 2342 1677 2400 potita.

311 2417 444 2460 Filius
465 2418 557 2477 ejus
580 2419 743 2478 Ninyas
774 2428 1004 2461 contentus
1023 2418 1244 2461 elaborato
1271 2436 1294 2461 a
1322 2419 1574 2478 parentibus
1601 2421 1678 2463 im-

312 2496 454 2554 perio,
480 2495 581 2539 belli
612 2497 753 2539 studia
787 2496 1007 2556 deposuit,
1031 2507 1074 2540 et
1111 2497 1245 2540 veluti
1281 2514 1430 2540 sexum
1468 2515 1568 2541 cum
1595 2516 1681 2542 ma-

313 2584 377 2616 tre
415 2584 642 2630 mutasset,
677 2592 775 2619 raro
811 2592 834 2618 a
870 2577 973 2619 viris
1007 2577 1140 2632 visus,
1176 2578 1218 2619 in
1253 2576 1510 2620 feminarum
1554 2579 1680 2622 turba

313 2655 551 2696 consenuit.
593 2656 759 2698 Posteri
800 2671 971 2714 quoque
1015 2656 1106 2715 ejus
1150 2656 1190 2698 id
1231 2656 1476 2716 exemplum
1514 2659 1679 2713 secuti,
