1783 3282
255 265 324 307 134
535 263 723 298 JL‘STINI
749 261 1097 298 HISTORIARUM
1125 261 1212 295 LIB.
1236 260 1337 294 XIII.

250 351 294 391 in
319 345 504 391 Arcadia
526 345 612 389 late
639 363 857 407 regnasse,
887 360 1074 404 eumque
1104 344 1319 402 primum,
1344 351 1387 384 et
1405 341 1554 400 apium
1579 348 1620 381 et

250 425 387 471 mellis
412 442 555 481 usum,
575 435 618 469 et
642 424 765 469 lactis
791 425 846 468 ad
871 422 1074 483 coagula,
1101 421 1352 464 hominibus
1375 418 1622 471 tradidisse,

250 504 582 564 solstitialesque
621 513 741 548 ortus
771 504 923 547 sideris
961 502 1155 562 primum
1187 500 1415 542 invenisse.
1448 497 1623 556 Quibus

251 583 428 640 auditis,
470 587 643 637 Battus,
675 583 857 643 virginis
901 581 1080 624 nomine
1108 596 1158 622 cx
1196 578 1415 638 responsis
1449 577 1623 637 agnito,

251 664 404 708 urbem
441 665 641 724 Cyrenen
679 661 888 706 condidit.

312 745 432 786 VIII.
470 743 610 803 Igitur
642 741 899 785 Ptolemaeus
928 740 1059 800 hujus
1095 738 1212 782 urbis
1250 746 1402 781 auctus
1436 735 1627 790 viribus,

251 821 414 866 bellum
448 823 493 864 in
527 821 764 864 adventum
798 819 1019 863 Perdiccae
1056 818 1248 879 parabat.
1288 816 1373 860 Sed
1409 814 1628 859 Perdiccae

253 900 350 961 plus
374 901 525 944 odium
548 900 828 959 arrogantiae,
858 915 992 958 quam
1021 899 1134 940 vires
1161 896 1354 940 hostium
1384 895 1625 938 nocebant:

254 996 384 1038 quam
408 978 526 1021 exosi
551 978 680 1020 etiam
709 978 814 1020 socii
844 977 898 1019 ad
926 978 1211 1036 Antipatrum
1238 975 1452 1035 gregatim
1480 973 1631 1034 profu-

255 1059 439 1118 giebant.
475 1055 792 1116 Neoptolemus
825 1072 1001 1115 quoque
1034 1056 1078 1098 in
1115 1054 1325 1097 auxilium
1351 1053 1538 1097 Eumeni
1565 1069 1632 1095 re-

255 1136 402 1190 lictus,
420 1152 510 1178 non
535 1134 676 1178 solum
701 1135 992 1195 transfugere,
1016 1150 1168 1177 verum
1189 1134 1320 1176 etiam
1334 1131 1518 1193 prodere
1537 1147 1635 1191 par-

257 1216 368 1259 tium
404 1215 646 1258 exercitum
681 1213 832 1256 voluit.
866 1215 1013 1269 Quam
1048 1230 1140 1256 rem
1170 1229 1307 1271 quum
1340 1211 1636 1271 praesensisset

258 1297 499 1349 Eumenes,
535 1310 635 1337 cum
664 1293 890 1354 proditore
920 1293 1156 1336 decernere
1179 1291 1334 1352 proelio
1363 1307 1536 1335 necesse
1561 1289 1636 1333 ha-

258 1374 367 1417 buit.
396 1374 551 1417 Victus
588 1372 906 1433 Neoptolemus
942 1372 995 1415 ad
1030 1372 1312 1431 Antipatrum
1355 1380 1396 1414 et
1433 1369 1638 1429 Polyper-

259 1455 418 1498 chonta
442 1453 659 1515 profugit,
682 1453 837 1512 hisque
863 1451 1119 1511 persuadet,
1148 1460 1197 1494 ut
1220 1451 1487 1494 continuatis
1513 1466 1636 1493 man-

259 1534 474 1588 sionibus,
515 1532 614 1576 laeto
642 1549 692 1575 ex
726 1533 909 1576 victoria
947 1541 989 1574 et
1021 1548 1176 1574 securo
1210 1530 1313 1591 fuga
1349 1532 1537 1574 Eumeni
1566 1546 1638 1573 su-

259 1613 529 1672 perveniant.
553 1611 637 1654 Sed
674 1628 740 1655 res
765 1614 1008 1655 Eumenem
1047 1628 1137 1654 non
1170 1611 1310 1653 latuit.
1345 1612 1501 1669 Itaque
1532 1610 1637 1653 insi-

262 1692 342 1735 diae
368 1693 411 1734 in
442 1690 718 1734 insidiatores
741 1708 873 1734 versae
898 1708 905 1734 z
932 1701 972 1734 et
1009 1692 1081 1751 qui
1119 1706 1322 1734 securum
1358 1705 1638 1749 aggressuros

263 1788 306 1814 se
332 1771 568 1831 putabant,
601 1772 763 1814 securis
799 1772 842 1813 in
878 1771 1052 1825 itinere,
1082 1780 1124 1813 et
1153 1768 1383 1830 pervigilio
1412 1770 1553 1813 noctis
1577 1769 1639 1813 fa-

265 1851 412 1911 tigatis
440 1866 672 1893 occursum
703 1860 780 1893 est.
801 1852 851 1892 In
880 1867 930 1893 eo
959 1849 1115 1910 proelio
1140 1848 1448 1909 Polyperchon
1478 1849 1640 1893 occidi-

263 1939 349 1973 tur.
370 1928 684 1988 Neoptolemus
705 1946 879 1988 quoque
900 1946 999 1972 cum
1020 1931 1214 1972 Eumene
1239 1945 1514 1989 congressus,
1541 1928 1641 1982 diu,

265 2009 430 2051 mutuis
457 2007 714 2051 vulneribus
743 2009 958 2068 acceptis,
998 2007 1259 2051 colluctatus
1286 2018 1370 2061 est;
1400 2010 1443 2051 in
1474 2025 1641 2051 summa

265 2088 426 2140 victus,
448 2087 686 2130 occumbit.
706 2089 862 2130 Victor
885 2088 1020 2147 igitur
1047 2087 1217 2130 duobus
1239 2087 1402 2147 proeliis
1426 2089 1643 2131 continuis

266 2168 483 2210 Eumenes
507 2165 687 2209 afflictas
713 2176 856 2226 partes
881 2167 1138 2210 transitione
1162 2168 1380 2210 sociorum
1415 2166 1642 2227 paululum

268 2247 539 2289 sustentavit.
574 2245 643 2289 Ad
680 2256 950 2306 postremum
980 2256 1126 2289 tamen
1155 2246 1366 2290 Perdicca
1398 2248 1562 2302 occiso,
1592 2247 1644 2290 ab

267 2327 462 2368 exercitu
484 2326 620 2369 hostis
641 2342 740 2369 cum
760 2327 980 2386 Pythone,
1002 2336 1043 2369 et
1063 2325 1232 2386 Illyrio,
1253 2336 1296 2370 et
1314 2325 1467 2370 Alceta
1483 2361 1494 2382 ,
1513 2326 1644 2370 fratre

267 2403 509 2459 Perdiccae,
530 2404 775 2465 appellatur
801 2423 810 2448 :
833 2405 1085 2465 bellumque
1104 2408 1311 2449 adversus
1330 2422 1402 2450 eos
1427 2407 1645 2467 Antigono

270 2482 530 2526 decernitur.
