1783 3282
270 246 340 281 182
851 244 1041 278 JUSTINI

268 328 395 388 idque
418 328 637 370 observari
664 343 751 371 non
777 327 830 369 ab
855 344 958 381 uno⁷
979 326 1051 369 sed
1076 326 1129 368 ab
1155 326 1365 369 universis
1380 326 1560 385 jubent,
1584 343 1636 368 ne

268 423 453 467 persona
479 405 722 466 designata,
763 405 836 449 sed
873 406 978 447 vitia
1008 414 1201 447 correcta
1238 404 1504 448 viderentur.
1542 407 1635 447 Hoc

266 484 446 529 consilio
463 494 733 545 praeventus,
760 485 917 527 iterum
942 483 1118 525 servitia
1148 484 1356 538 concitat,
1384 493 1635 544 statutaque

268 580 417 607 rursus
447 564 628 608 caedium
660 564 749 618 die,
775 578 910 621 quum
936 561 1080 604 denuo
1110 577 1153 604 se
1188 561 1411 621 proditum
1445 563 1635 617 videret2

267 644 420 687 timens
443 643 678 703 judicium,
704 642 923 684 munitum
949 640 1169 700 quoddam
1193 640 1418 684 castellum
1445 658 1545 684 cum
1573 644 1633 685 vi-

266 723 374 783 ginti
399 721 589 766 millibus
615 736 840 764 servorum
861 720 1038 763 armatis
1064 729 1263 780 occupat.
1289 720 1354 762 Ibi
1375 720 1479 762 dum
1509 720 1634 764 Afros

265 819 497 863 regemque
521 803 782 845 Maurorum
808 800 1017 856 concitat,
1033 801 1221 860 capitur,
1238 800 1460 860 virgisque
1477 816 1608 843 caesus
1623 835 1633 854 ‚

265 881 430 924 effossis
459 879 618 935 oculis,
644 889 686 922 et
719 880 921 922 manibus
946 879 1235 938 cruribusque
1271 879 1442 934 fractis,
1470 878 1587 922 velut
1611 897 1634 923 a

263 958 442 1019 singulis
481 959 686 1001 membris
712 974 850 1017 poenae
875 959 1175 1018 exigerentur,
1202 959 1247 1000 in
1280 968 1515 1018 conspectu
1556 975 1633 1018 po-

264 1037 356 1098 puli
384 1036 622 1081 occiditur:
646 1053 804 1096 corpus
824 1036 1079 1079 verberibus
1101 1034 1293 1079 lacerum
1319 1038 1361 1079 in
1389 1054 1516 1080 cruce
1541 1038 1633 1098 figi-

263 1127 347 1160 tur.
375 1115 472 1161 Filii
498 1132 671 1176 quoque
694 1116 957 1176 cognatique
975 1132 1147 1171 omneS‚
1173 1116 1302 1159 etiam
1324 1117 1509 1173 innoxii,
1533 1133 1632 1178 sup-

262 1195 391 1257 plicio
413 1195 670 1252 traduntur,
685 1212 739 1239 ne
753 1196 984 1255 quisquam
1008 1205 1083 1239 aut
1103 1195 1158 1239 ad
1178 1196 1441 1239 imitandum
1467 1195 1604 1240 scelus
1622 1232 1631 1241 .

264 1286 340 1320 aut
359 1276 414 1320 ad
432 1286 619 1319 mortem
640 1275 930 1319 ulciscendam
944 1310 954 1333 ‚
969 1292 1020 1319 ex
1044 1284 1133 1318 tam
1154 1275 1317 1319 nefaria
1337 1276 1467 1319 domo
1486 1293 1634 1336 super-

264 1366 385 1399 esset.

325 1437 378 1477 V.
406 1437 581 1479 Interea
608 1436 845 1495 Dionysius
871 1435 1093 1494 Syracusis
1125 1445 1326 1494 receptus
1342 1469 1352 1489 ‚
1377 1451 1515 1493 quum
1541 1451 1636 1495 gra-

262 1514 357 1557 vior
393 1513 695 1572 crudeliorque
726 1515 770 1556 in
796 1513 885 1556 dies
918 1514 1082 1556 civitati
1114 1523 1242 1569 esset,
1274 1514 1426 1556 iterata
1461 1515 1634 1574 conspi-

262 1594 444 1648 ratione,
466 1592 703 1636 obsidetur.
730 1592 863 1638 Tunc
889 1593 1088 1653 deposito
1114 1593 1315 1652 imperio,
1337 1608 1481 1635 arcem
1508 1595 1635 1652 Syra-

263 1672 432 1715 cusanis
470 1688 569 1715 cum
595 1672 785 1715 exercitu
812 1672 963 1726 tradit;
989 1681 1252 1732 receptoque
1276 1673 1447 1731 privato
1476 1672 1635 1714 instru-

264 1761 431 1807 mento,
456 1751 720 1794 Corinthum
751 1753 793 1794 in
822 1751 1020 1795 exsilium
1054 1750 1357 1811 proficiscitur.
1390 1751 1456 1794 lbi
1482 1750 1637 1794 humil-

263 1828 365 1872 lima
404 1846 585 1890 quaeque
626 1832 842 1874 tutissima
881 1832 1160 1885 existimans,
1203 1832 1245 1872 in
1290 1830 1635 1874 sordidissimum

264 1911 362 1952 vitae
385 1927 521 1969 genus
546 1910 768 1954 descendit
795 1928 803 1952 :
832 1927 919 1954 non
943 1920 1173 1953 contentus
1202 1911 1245 1952 in
1270 1909 1447 1969 publico
1468 1911 1635 1969 vagari,

266 1991 339 2031 sed
387 1999 536 2048 potare
566 2007 574 2031 :
606 2006 684 2032 nec
723 1990 915 2049 conspici
954 1990 997 2031 iu
1028 1990 1199 2048 popinis
1234 1988 1634 2049 lupanarffiusque,

264 2067 337 2110 sed
364 2069 464 2111 totis
496 2068 647 2112 diebus
677 2069 871 2112 desidere
898 2086 906 2110 :
932 2085 1033 2111 cum
1060 2068 1349 2127 perditissimo
1379 2084 1554 2127 quoque
1586 2068 1637 2110 de

265 2147 449 2189 minimis
480 2147 607 2190 rebus
643 2147 905 2207 disceptare,
938 2163 1156 2206 pannosus
1186 2156 1226 2189 et
1267 2146 1490 2207 squalidus
1522 2148 1634 2189 ince-

264 2225 391 2269 dere:
415 2227 549 2269 risum
587 2226 791 2269 libentius
819 2227 1030 2286 praebere,
1069 2243 1198 2285 quam
1235 2237 1437 2286 captare:
1470 2228 1513 2269 in
1550 2244 1636 2270 ma-

263 2303 370 2347 cello
387 2316 600 2364 perstare3
620 2306 738 2365 quod
755 2322 898 2348 emere
919 2322 1007 2347 non
1027 2315 1217 2365 poterat,
1241 2305 1377 2349 oculis
1404 2306 1632 2350 devorare:

263 2383 379 2442 apud
403 2384 544 2427 aediles
574 2385 780 2428 adversus
805 2384 980 2427 lenones
998 2384 1188 2444 jurgari3
1213 2386 1447 2445 omniaque
1474 2386 1553 2428 ista
1574 2385 1635 2428 fu-

263 2480 380 2519 cere,
413 2474 459 2506 ut
490 2464 832 2508 contemnendus
856 2465 994 2523 magis
1012 2498 1023 2518 ‚
1047 2481 1177 2526 quam
1212 2465 1490 2519 metuendus,
1517 2464 1634 2507 vide-

262 2553 394 2586 retur.
412 2545 655 2588 Novissime
684 2544 1037 2604 ludimagistrum
1058 2544 1298 2603 professus,
1321 2562 1479 2604 pueros
1496 2546 1538 2587 in
1563 2545 1635 2586 tri-

262 2640 276 2663 x
292 2624 329 2664 io
351 2623 554 2680 docebat,
582 2635 627 2668 ut
650 2634 722 2668 aut
745 2642 766 2667 a
787 2626 1041 2668 timentibus
1062 2641 1231 2683 semper
1253 2626 1295 2666 in
1315 2624 1490 2683 publico
1519 2623 1632 2665 vidc-
