1783 3282
458 252 802 287 HISTORIARUM
830 254 918 286 LIB.
945 255 1040 287 xiv.
1363 268 1374 289 1
1386 256 1431 302 a„

63 350 140 378 vos
161 333 342 378 ducibus
360 334 514 377 vestris
534 332 730 378 dedistis!
756 336 924 393 Nempe
943 352 1017 378 vos
1034 336 1162 380 iidem
1185 338 1313 397 paulo
1331 350 1432 383 ante

63 422 106 455 et
133 412 350 456 Perdiccae
385 414 594 473 sanguine
629 414 731 457 estis
771 414 954 472 aspersi,
993 423 1034 456 et
1070 415 1112 456 in
1152 418 1432 476 Antipatrum

63 490 213 534 eadem
243 489 397 534 moliti.
419 493 569 552 Ipsum
594 491 782 551 denique
811 490 1124 548 Alexandrum,
1145 494 1179 535 si
1203 494 1264 537 fas
1286 495 1433 540 fuisset

63 586 164 613 eum
186 569 362 613 mortali
378 586 510 614 manu
533 570 706 627 cadere,
725 571 1048 631 interempturi,
1063 571 1181 631 quod
1199 574 1432 617 maximum

62 657 173 704 erat,
190 648 475 693 seditionibus
498 650 707 710 agitastis.
731 649 899 693 Ultima
920 667 1038 693 nunc
1062 667 1142 710 ego
1172 650 1435 710 perfidorum

62 727 260 784 victima,
282 728 360 771 has
378 729 501 772 vobis
517 728 632 771 diras
653 738 783 787 atque
802 727 977 771 inferias
990 729 1114 783 dico;
1132 739 1179 772 ut
1202 730 1351 789 inopes
1371 747 1438 773 ex-

62 814 289 865 torresque
325 823 454 850 omne
490 823 629 850 aevum
662 808 706 849 in
735 807 818 850 hoc
854 810 1064 850 castrensi
1100 807 1249 851 exsilio
1280 811 1438 869 agatis,

62 884 360 945 devorentque
394 903 470 930 vos
508 903 629 930 arma
668 895 830 942 vestra,
870 887 1027 946 quibus
1066 886 1211 947 plures
1246 899 1438 943 vestros,

61 979 193 1022 quam
215 963 408 1009 hostium
437 965 588 1021 duces,
613 966 955 1025 absumpsistis.»
982 965 1142 1010 Plenus
1167 967 1323 1011 deinde
1344 969 1438 1023 irae,

63 1042 266 1086 custodes
298 1060 399 1088 suos
427 1044 673 1105 praecedere
702 1044 756 1087 ab
780 1045 995 1105 Antigoni
1017 1055 1156 1089 castra
1184 1047 1326 1106 coepit.
1363 1049 1439 1091 Se-

62 1121 213 1180 quitur
239 1125 482 1178 exercitus,
511 1124 686 1184 prodito
717 1124 978 1183 imperatore
1004 1141 1082 1167 suo
1114 1135 1156 1168 et
1187 1126 1276 1185 ipse
1302 1127 1439 1185 capti-

60 1216 158 1257 VuS,
180 1202 541 1262 triumphumque
565 1203 618 1245 de
640 1219 684 1245 se
713 1203 806 1263 ipso
830 1202 884 1245 ad
909 1203 1086 1245 victoris
1110 1206 1175 1246 sui
1197 1215 1338 1248 castra
1360 1206 1440 1248 du-

63 1279 141 1334 cit3
179 1282 328 1324 omnia
361 1283 553 1341 auspicia
590 1283 704 1342 regis
742 1281 1002 1337 Alexandri,
1042 1292 1084 1325 et
1122 1292 1187 1325 tot
1223 1283 1440 1327 bellorum

61 1357 227 1418 palmas
255 1359 511 1420 laureasque
534 1378 619 1404 una
636 1378 782 1404 secum
797 1362 953 1404 victori
975 1361 1148 1405 tradens
1170 1379 1178 1405 ε
1200 1373 1242 1405 et
1266 1380 1319 1406 ne
1338 1365 1443 1423 quid

65 1437 234 1481 deesset
264 1455 456 1500 pompae,
482 1439 703 1500 elephanti
740 1457 914 1500 quoque
955 1450 997 1483 et
1024 1440 1185 1484 auxilia
1214 1442 1442 1486 orientalia

61 1517 402 1578 subsequuntur.
441 1521 583 1563 Tanto
630 1519 858 1580 pulchrior
903 1520 992 1563 haec
1030 1521 1272 1581 Antigono,
1313 1538 1442 1580 quam

61 1596 315 1642 Alexandro
334 1608 399 1642 tot
415 1600 607 1642 victoriae
632 1599 833 1653 fuerunt;
860 1609 928 1655 ut,
952 1616 1088 1659 quum
1113 1599 1184 1642 ille
1210 1601 1440 1644 Orientem

60 1677 234 1733 vicerit,
268 1678 339 1721 hic
372 1679 503 1722 etiam
536 1695 629 1735 eos,
658 1697 678 1722 a
711 1679 869 1739 quibus
909 1680 1068 1722 Oriens
1103 1680 1244 1722 victus
1283 1680 1442 1736 fuerat,

60 1759 343 1817 superaverit.
365 1759 507 1818 Igitur
527 1760 776 1819 Antigonus
798 1759 1036 1802 domitores
1057 1758 1153 1802 illos
1179 1760 1296 1802 orbis
1321 1777 1442 1804 exer-

61 1837 168 1879 citui
192 1852 271 1880 suo
299 1836 475 1891 dividit,
500 1838 704 1894 redditis,
734 1855 830 1898 quae
855 1839 898 1880 in
928 1838 1111 1881 victoria
1137 1849 1326 1898 ceperat.
1354 1843 1442 1883 Eu-

62 1931 236 1959 menem
267 1932 391 1972 vero,
419 1917 683 1960 verecundia
714 1918 872 1977 prioris
904 1917 1125 1973 amicitiae,
1158 1918 1201 1960 in
1234 1934 1442 1978 conspec-

62 2005 155 2039 tum
175 2012 303 2038 suum
328 1997 477 2039 venire
501 1996 794 2056 prohibitum,
826 1997 1037 2057 assignari
1060 1996 1313 2040 custodibus
1335 2014 1442 2057 prae-

60 2076 189 2135 cepit.

125 2157 179 2199 V.
204 2157 376 2200 Interea
403 2156 645 2217 Eurydice,
675 2172 786 2199 uxor
811 2156 971 2200 Aridaei
1000 2157 1132 2216 regis,
1160 2166 1209 2198 ut
1237 2156 1445 2216 Polyper-

65 2237 228 2279 chonta
248 2253 272 2280 a
295 2238 468 2281 Graecia
493 2237 636 2280 redire
666 2237 709 2279 in
739 2236 1039 2280 Macedoniam
1066 2237 1295 2296 cognovit,
1322 2247 1365 2280 et
1392 2238 1444 2280 ab

63 2334 114 2360 co
144 2317 395 2360 arcessitam
430 2316 766 2377 Olympiadem,
797 2316 1001 2360 muliebri
1033 2315 1308 2359 aemulatione
1346 2333 1445 2377 per-

63 2395 202 2451 culsa,
226 2396 410 2439 abutens
427 2396 678 2440 valetudine
703 2397 813 2451 viri,
835 2398 961 2456 cujus
984 2396 1126 2439 officia
1149 2397 1230 2440 sibi
1250 2397 1445 2439 vindica-

63 2475 163 2532 bat,
202 2475 357 2519 scribit
388 2476 500 2535 regis
538 2476 714 2518 nomine
752 2475 1121 2536 Polyperchonti,
1163 2476 1446 2520 «Cassandro

67 2554 304 2601 exercitum
337 2555 500 2611 tradat,
535 2555 579 2597 in
607 2571 736 2614 quem
763 2556 886 2615 regni
909 2555 1337 2599 administrationem
1373 2572 1443 2598 rex

65 2633 357 2689 transtulerim
387 2634 536 2678 eadem
564 2644 606 2677 et
641 2635 683 2676 in
713 2635 861 2678 Asiam
889 2636 1111 2694 Antigono
1142 2652 1218 2694 per
1241 2634 1445 2694 epistolas
