1783 3282
452 289 805 324 HisTonlARUM
829 292 919 327 Lm.
947 293 1046 328 xlx.
1359 311 1421 341 171

64 368 115 411 de
143 369 229 412 suis
259 379 586 428 percontantur.
615 372 677 414 Ut
697 388 798 415 vero
828 372 958 416 dubia
985 385 1112 418 antea
1140 393 1234 436 spe,
1263 388 1305 421 et
1340 395 1430 422 sus—

64 472 198 515 penso
227 466 366 511 metu⁷
394 458 559 501 incerta
590 460 788 503 orbitatis
814 463 1155 521 exspectatione,
1183 481 1304 509 casus
1332 483 1430 510 suo-

63 559 162 586 rum
177 544 342 588 miseris
355 544 490 589 eluxit
502 580 513 601 ‚
533 556 638 590 tunc
652 557 745 591 toto
763 546 889 591 litore
902 547 1205 610 plangentium
1222 555 1407 611 gemitus
1418 589 1428 609 ‚

64 639 168 673 tunc
188 630 423 676 infelicium
443 644 633 678 matrum
655 634 845 679 ululatus
860 670 870 690 ‚
897 646 938 680 et
964 635 1123 681 debiles
1148 638 1331 697 querelae
1355 657 1431 683 au-

65 718 312 763 diebantur.

126 808 204 850 III.
240 810 360 851 Inter
384 809 475 853 haec
503 810 701 870 procedit
727 812 852 871 inops
893 828 915 855 e
943 813 1041 855 navi
1070 829 1146 856 sua
1174 814 1433 873 imperator,

64 895 237 938 sordida
263 896 495 956 servilique
527 898 674 941 tunica
700 898 936 942 discinctus
958 917 965 942 :
989 900 1044 943 ad
1071 901 1194 960 cujus
1221 917 1429 961 conspec-

66 991 156 1025 tum
173 981 475 1044 plangentium
497 987 669 1046 agmina
683 988 947 1047 junguntur.
968 991 1067 1048 Ipse
1088 1004 1261 1047 quoque
1281 1005 1433 1032 manus

66 1070 120 1113 ad
150 1070 305 1114 coelum
335 1072 535 1129 tendens,
561 1091 679 1117 nunc
713 1084 871 1118 sortem
898 1091 1045 1130 suam,
1072 1093 1188 1118 nunc
1218 1075 1432 1135 publicam

65 1159 285 1203 fortunam
326 1160 474 1216 deflet3
506 1178 622 1205 nunc
659 1162 798 1206 «deos
831 1173 1028 1218 accusat,
1065 1164 1139 1222 qui
1180 1173 1300 1206 tanta
1334 1162 1434 1206 belli

67 1247 243 1305 decora,
263 1258 305 1292 et
322 1258 387 1292 tot
404 1259 658 1292 ornamenta
673 1250 974 1303 victoriarum,
993 1267 1087 1309 quae
1106 1251 1188 1310 ipsi
1206 1250 1434 1303 dederant,

66 1336 346 1392 abstulerint;
371 1337 444 1395 qui
485 1338 620 1397 captis
656 1347 721 1380 tot
758 1337 959 1392 urbibus,
990 1339 1202 1398 totiesque
1237 1338 1435 1381 hostibus

66 1426 259 1469 terrestri
276 1424 505 1484 navalique
523 1425 675 1486 proelio
697 1427 842 1481 victis,
865 1427 1101 1470 exercitum
1118 1427 1327 1470 victorem
1349 1443 1436 1469 non

66 1513 203 1570 bello,
229 1514 302 1557 sed
321 1524 441 1574 peste
464 1514 713 1558 deleverint.
737 1514 918 1558 Deferre
941 1531 984 1558 se
1001 1524 1145 1558 tamen
1166 1515 1331 1557 civibus
1350 1515 1437 1557 suis

68 1619 156 1645 non
186 1602 359 1646 modica
383 1602 557 1659 solatia,
583 1602 702 1662 quod
726 1601 848 1645 malis
878 1618 1028 1645 eorum
1055 1602 1201 1645 hostes
1228 1601 1438 1661 gaudere,

68 1706 157 1733 non
184 1688 359 1751 gloriari
385 1692 554 1750 possint
572 1707 581 1733 ε
601 1691 764 1750 quippe
787 1707 923 1750 quum
944 1706 1083 1749 neque
1107 1705 1200 1742 eos,
1227 1690 1301 1749 qui
1322 1705 1439 1732 mor-

68 1779 135 1822 tui
161 1789 262 1822 sunt
277 1814 288 1836 ,
317 1796 340 1822 a
366 1796 409 1822 se
435 1781 622 1835 occisos,
644 1795 786 1839 neque
811 1794 904 1835 e08‚
924 1781 997 1838 qui
1017 1779 1177 1821 reversi
1198 1787 1324 1833 sunt,
1353 1794 1376 1820 a
1397 1794 1439 1820 se

69 1868 239 1929 fugatos
264 1869 432 1929 possint
457 1868 611 1912 dicere.
637 1867 858 1923 Praedam,
884 1883 1014 1926 quam
1044 1865 1204 1910 relictis
1230 1882 1254 1908 a
1281 1881 1323 1908 se
1349 1881 1438 1908 cas-

70 1957 147 2000 tris
159 1955 439 2012 abstulerint,
458 1973 547 2000 non
567 1972 657 2000 esse
676 1954 826 2011 talem,
846 1971 977 2014 quam
998 1954 1114 1998 velut
1129 1953 1315 2015 spolium
1337 1955 1439 1996 victi

71 2045 206 2088 hostis
231 2054 476 2088 ostentent:
499 2042 574 2087 sed
595 2060 725 2103 quam
755 2044 1025 2104 possessione
1057 2059 1220 2098 vacua,
1252 2041 1444 2085 fortuitis

72 2134 348 2177 dominorum
379 2133 620 2187 mortibus,
656 2132 784 2175 sicuti
818 2131 980 2174 caduca
1012 2131 1280 2190 occuparint.
1305 2129 1441 2186 Quod

72 2223 125 2266 ad
155 2222 299 2264 hostes
322 2221 531 2281 pertinet,
556 2222 741 2262 victores
772 2235 814 2262 se
841 2219 1092 2261 recessisse:
1120 2218 1237 2277 quod
1261 2217 1315 2260 ad
1342 2233 1439 2277 pes-

74 2319 182 2363 tem,
195 2309 344 2351 victos.
360 2306 482 2351 Nihil
499 2315 640 2350 tamen
655 2323 698 2350 se
716 2307 889 2366 gravius
904 2306 1035 2361 ferre,
1052 2322 1181 2365 quam
1198 2305 1315 2365 quod
1334 2306 1445 2348 inter

74 2397 330 2440 fortissimos
348 2396 462 2438 viros
481 2395 592 2438 mori
611 2411 699 2438 non
720 2395 935 2454 potuerit,
957 2403 1237 2453 servatusque
1255 2395 1330 2439 sit.
1352 2410 1441 2436 non

78 2484 132 2528 ad
171 2484 267 2526 vitae
304 2481 646 2541 jucunditatem⁷
689 2482 762 2524 sed
804 2481 857 2524 ad
895 2481 1134 2524 ludibrium
1176 2480 1445 2524 calamitatis.

75 2574 341 2630 Quanquam
360 2570 434 2612 ubi
463 2570 638 2612 miseras
659 2570 884 2629 copiarum
901 2568 1106 2628 reliquias
1131 2569 1444 2629 Carthaginem

76 2659 321 2713 reduxerit,
361 2674 403 2700 se
448 2673 620 2716 quoque
668 2666 916 2699 secuturum
957 2656 1272 2700 commilitones
1322 2673 1447 2706 suos;
