1783 3282
555 286 902 321 HISTORIARUM
936 288 1021 321 LIB.
1052 290 1076 321 1.
1481 289 1501 324 5

134 384 337 428 responsa
372 367 572 428 gentibus
612 384 688 427 per
726 369 1018 411 internuntios
1058 369 1232 413 dabant.
1264 372 1501 431 Imperium

132 448 311 507 Assyrii,
343 447 417 505 qui
441 456 589 506 postea
622 449 716 507 Syri
740 447 842 490 dicti
865 457 989 502 sunt,
1013 446 1130 490 mille
1155 451 1356 494 trecentis
1379 452 1502 494 annis

133 535 323 568 tenuere.

195 607 273 648 III.
303 608 553 649 Postremus
591 605 708 666 apud
739 623 811 650 eos
840 606 1038 666 regnavit
1067 605 1405 666 Sardanapalus,
1438 612 1504 652 vir

132 682 315 727 muliere
352 686 613 744 corruptior.
646 684 712 728 Ad
751 685 868 728 hunc
904 684 1142 728 videndum
1179 685 1315 745 (quod
1341 690 1502 730 nemini

132 772 232 806 ante
265 780 363 806 eum
400 763 658 823 permissum
698 763 864 823 fuerat)
906 764 1132 823 praefectus
1168 765 1327 824 ipsius,
1365 767 1504 810 Medis

132 843 411 901 praepositus,
436 843 614 885 nomine
638 842 844 897 Arbaces,
870 859 1007 901 qun-m
1031 842 1202 886 admitti
1231 860 1388 904 magna
1417 861 1505 887 am-

131 921 296 965 bitione
330 937 442 981 aegre
473 921 757 976 obtinuisset,
782 922 948 965 invenit
980 938 1080 965 eum
1118 924 1231 965 inter
1261 932 1504 966 scortorum

131 1015 282 1060 greges
306 1017 548 1060 purpuram
568 999 663 1044 colo
687 1010 884 1057 nentem,
900 1011 941 1044 et
962 1000 1163 1045 muliebri
1184 1001 1355 1058 habitu,
1370 1020 1505 1062 quum

130 1078 316 1122 mollitia
350 1081 566 1140 corporis,
595 1090 638 1123 et
671 1079 899 1124 oculorum
927 1079 1100 1124 lascivia
1137 1097 1288 1124 omnes
1326 1082 1506 1125 seminas

131 1160 335 1215 anteiret,
357 1176 489 1219 pensa
519 1161 632 1203 inter
662 1161 851 1221 virgines
878 1162 1154 1220 partientem.
1181 1161 1354 1217 Quibus
1384 1163 1504 1217 visis,

130 1237 381 1298 indignatus
406 1237 482 1281 tali
510 1238 682 1283 feminae
705 1248 876 1282 tantum
898 1240 1093 1283 virorum
1116 1240 1381 1300 subjectum,
1402 1251 1506 1285 trac-

130 1319 326 1378 tantique
363 1317 508 1362 lanam
537 1319 701 1363 ferrum
732 1330 775 1363 et
810 1336 930 1363 arina
961 1329 1184 1379 portantes
1209 1337 1382 1380 parere3
1406 1338 1506 1382 pro-

130 1414 301 1458 gressus
324 1397 379 1441 ad
401 1399 558 1454 socios,
579 1399 686 1459 quid
709 1399 865 1442 viderit
890 1399 1022 1442 refert
1045 1416 1052 1441 :
1076 1409 1226 1459 negat,
1251 1420 1270 1440 «
1293 1402 1345 1443 Se
1370 1402 1406 1442 ei
1432 1417 1504 1460 pa-

129 1494 224 1521 rere
253 1494 397 1538 posse,
426 1479 499 1538 qui
539 1496 583 1522 se
617 1479 824 1522 feminam
848 1478 970 1522 malit
1006 1495 1120 1535 esse,
1145 1496 1275 1538 quam
1304 1481 1460 1523 virum.
1486 1502 1506 1521 »

130 1558 198 1600 Fit
221 1558 356 1618 igitur
377 1559 620 1619 conjuratio
641 1576 648 1601 :
669 1557 832 1601 bellum
857 1558 1152 1618 Sardanapalo
1182 1559 1366 1602 infertur
1392 1577 1505 1620 :quo

129 1635 202 1680 ille
243 1636 411 1692 audito,
452 1654 565 1692 non,
606 1648 655 1681 ut
685 1638 766 1694 vir,
802 1654 986 1698 regnum
1017 1638 1297 1693 defensurus,
1336 1639 1432 1694 sed,
1458 1650 1504 1682 ut

130 1725 249 1759 metu
278 1717 430 1759 mortis
457 1715 660 1760 mulieres
684 1716 845 1772 solent,
871 1718 1015 1776 primo
1040 1715 1225 1760 latebras
1250 1718 1505 1777 circumspi-

130 1797 190 1839 cit
212 1813 221 1839 :
245 1813 345 1839 mox
377 1796 532 1839 deinde
554 1813 654 1839 cum
684 1798 834 1856 paucis
863 1806 906 1840 et
937 1797 1235 1857 incompositis
1268 1798 1312 1839 in
1340 1797 1502 1841 bellum

131 1875 423 1936 progreditur.
452 1877 605 1919 Victus
639 1877 683 1919 in
715 1877 879 1937 regiam
905 1892 948 1919 se
975 1877 1155 1936 recipit3
1186 1877 1258 1920 ubi
1287 1886 1504 1920 exstructa

129 1955 390 2015 incensaque
414 1971 522 2015 pyra
545 1964 587 1999 et
604 1972 648 1998 se
671 1965 714 1999 et
735 1955 908 1999 divitias
933 1972 1030 1999 suas
1054 1957 1098 1999 in
1129 1956 1381 2000 incendium
1405 1957 1504 1999 mit-

130 2035 204 2089 tit,
232 2035 315 2077 hoc
350 2034 442 2078 solo
474 2035 668 2078 imitatus
695 2035 854 2078 virum.
882 2037 986 2078 Post
1014 2035 1153 2091 hunc,
1179 2052 1254 2078 rex
1277 2036 1505 2079 constitui-

130 2123 201 2157 tur
238 2114 490 2158 interfector
527 2116 618 2175 ejus
654 2115 866 2171 Arbaces,
902 2117 976 2175 qui
1009 2115 1237 2176 praefectus
1270 2115 1502 2158 Medorum

129 2192 283 2237 fuerat,
310 2196 351 2237 Is
374 2195 607 2254 imperium
635 2195 689 2237 ab
718 2195 904 2255 Assyriis
929 2195 984 2238 ad
1008 2195 1162 2238 Medos
1184 2194 1401 2238 transfert.

192 2275 267 2317 IV.
291 2276 395 2317 Post
419 2273 580 2318 multos
600 2274 757 2318 deinde
780 2291 922 2336 reges,
941 2291 1018 2334 per
1046 2274 1245 2318 ordinem
1271 2276 1503 2318 successio-

130 2353 218 2407 nis,
250 2369 434 2413 regnum
468 2353 522 2397 ad
552 2356 773 2414 Astyagen
806 2354 1042 2398 descendit.
1078 2355 1160 2398 Hie
1193 2371 1271 2414 per
1304 2371 1504 2398 somnum

130 2431 238 2474 vidit
261 2448 312 2474 ex
341 2432 611 2477 naturalibus
633 2433 750 2489 filiae,
780 2451 910 2493 quam
936 2435 1111 2478 unicam
1135 2434 1345 2490 habehat,
1372 2435 1504 2477 vitem

129 2521 326 2565 enatam,
356 2512 478 2571 cujus
506 2512 686 2572 palmite
713 2514 855 2562 omnis
885 2514 986 2557 Asia
1011 2513 1361 2556 obumbraretur.
1388 2514 1506 2556 Con-

128 2590 229 2635 sulti
261 2590 440 2647 harioli,
462 2594 558 2635 «Ex
587 2592 737 2635 eadem
765 2593 854 2636 filia
883 2603 1087 2653 nepotem
1111 2595 1147 2636 ei
1177 2593 1400 2643 futurum,
1428 2608 1503 2635 cu-

126 2671 195 2731 jus
240 2671 497 2732 magnitudo
535 2673 876 2731 praenuntietur,
913 2673 1122 2732 regnique
1161 2673 1196 2715 ei
1230 2672 1504 2714 amissionem
