1783 3282
295 257 367 280 210
753 244 905 280 NOTAE
933 244 987 278 IN
1015 244 1209 279 JUSTINI

346 329 429 364 (ΠΛΡ.
460 330 542 363 XV.
587 328 725 363 ΤΙιαι-(ι.
752 328 859 362 Dara
889 327 1045 361 omnino
1077 325 1315 360 scribendum
1347 332 1417 369 est,
1445 336 1490 359 ex
1518 324 1675 371 Etymo-

295 392 416 438 logico
442 401 581 437 magno
607 397 643 425 et
671 390 842 436 analogia
869 388 1033 423 nominis
1059 386 1188 428 Darii,
1218 387 1280 433 qui
1306 387 1345 421 in
1372 387 1445 422 hoc
1472 385 1556 420 vico
1583 386 1673 419 Par-

294 454 443 487 thorum
457 451 700 498 compedibus
714 450 925 496 catenisque
946 448 1090 482 vinctus
1103 454 1167 482 est.
1188 447 1292 482 Infra
1306 448 1414 482 Dara
1434 460 1452 483 a
1472 446 1674 481 Theodoto

293 515 443 549 demum
478 513 629 548 condita
665 513 817 554 dicitur,
846 523 924 556 quae
960 509 1103 552 Plinio,
1131 521 1189 552 τι,
1225 508 1288 552 18,
1322 515 1358 543 et
1383 509 1482 552 aliis,
1510 515 1564 542 est
1591 509 1673 541 Da—

295 575 426 619 retum,
456 585 598 625 Δαρῆιον.

347 638 506 684 Regales
517 637 615 670 deos.
631 641 727 677 Θῑςὺς
743 639 919 679 βασιλείους
931 664 938 678 ‚
958 632 997 666 id
1012 637 1065 666 est
1079 631 1209 665 ambos
1223 630 1443 673 Dioscuros,
1458 642 1551 676 quos
1563 641 1678 676 graece

295 700 438 733 Anaces
475 705 510 732 et
549 699 728 735 Anactes,
758 695 818 728 vel
846 695 966 741 Reges
995 692 1202 735 vocabant;
1236 691 1275 725 in
1309 703 1467 737 quorum
1495 691 1678 725 honorem

293 759 488 794 celebritas
520 765 597 792 erat
625 756 724 803 apud
755 757 921 798 Graecos,
950 767 1029 801 quae
1054 759 1096 792 τὰ
1126 760 1260 792 ἀνοίκειοι
1287 752 1495 795 dicebatur,
1521 758 1556 786 et
1581 751 1680 798 apud

294 833 361 855 uos
376 820 495 853 adhuc
509 831 550 853 ea
567 831 645 865 quae
672 817 806 852 dicitur
820 818 860 850 la
874 816 959 861 stite
982 816 1048 849 des
1069 815 1175 858 Rois,
1194 815 1234 849 id
1256 821 1309 849 est
1329 825 1525 860 magorum
1545 813 1608 859 qui
1632 813 1681 847 ab

1002 573 1018 585 Ἷ

294 882 446 915 Oriente
474 886 676 922 venerunt,
704 879 796 912 duce
823 877 949 920 stella,
975 888 1100 923 regem
1123 888 1253 923 regum
1284 874 1494 919 adoraturi3
1516 874 1614 909 unde
1639 872 1681 908 fit

295 942 395 990 quod
417 950 489 976 tres
514 953 619 987 reges
646 946 812 983 sanctos,
836 946 870 973 et
897 938 1015 972 trinos
1044 938 1149 981 deos,
1172 937 1285 972 hodie
1311 943 1575 984 computemus.

752 1066 812 1100 IN
849 1066 1079 1100 LIBRUM
1115 1066 1219 1100 XII.

346 1178 429 1213 CAP.
450 1176 499 1210 II.
520 1175 695 1209 Bruttios.
716 1172 911 1216 Bruttium,
932 1172 1067 1208 Graecis
1095 1179 1246 1223 Βρεττίας
1266 1180 1301 1207 et
1327 1173 1427 1220 apud
1445 1174 1682 1218 Athenaeum,

293 1240 357 1274 lib.
383 1251 425 1281 V,
452 1237 551 1284 apud
576 1235 787 1270 Diodorum
814 1235 993 1278 Siculum,
1025 1235 1063 1269 in
1092 1235 1258 1281 Eclogis‚
1298 1235 1464 1282 aliosque
1492 1243 1682 1280 auctores,

293 1306 471 1351 sperne-aiu.
491 1298 636 1333 dicitur.
666 1296 848 1343 Dionysio
870 1297 959 1331 Afro
986 1298 1128 1331 Brentii
1145 1309 1292 1343 quoque
1311 1297 1557 1343 appellantur.
1582 1298 1680 1332 Dio-

295 1363 427 1404 dorus,
453 1361 517 1395 lib.
542 1373 637 1403 xm,
667 1359 752 1393 ideo
782 1359 940 1392 Brettios
968 1359 1173 1404 appellatos
1199 1358 1350 1401 scribit,
1374 1358 1476 1404 quod
1503 1358 1600 1393 servi
1627 1371 1681 1394 es-

295 1430 375 1458 sent
395 1429 430 1457 et
453 1421 598 1468 fugitivi
621 1422 870 1455 Lucanorum.
896 1420 1049 1463 Strabo,
1069 1420 1133 1454 lib.
1157 1432 1242 1463 xm,
1261 1420 1499 1466 peninsulam
1518 1422 1683 1468 appellat

294 1484 506 1519 Brutiorum
533 1495 672 1529 agrum.

349 1545 592 1580 Pandosiam.
622 1543 827 1586 Pandosia,
866 1546 1052 1587 masmim,
1086 1544 1326 1577 Lucanorum
1363 1543 1451 1577 urbs
1485 1543 1524 1577 in
1560 1543 1681 1577 Italia:

295 1606 597 1641 OEnothriorum
619 1603 809 1651 quondam
831 1615 959 1651 regum
978 1604 1119 1651 regiam
1140 1604 1250 1638 fuisse
1274 1603 1402 1638 scribit
1421 1604 1568 1639 Strabo.
1583 1605 1685 1639 Parc-

297 1668 394 1702 doesi
417 1680 484 1714 per
511 1680 547 1701 α»
572 1665 839 1713 diphthongon
869 1666 908 1700 in
936 1665 1100 1700 secunda
1123 1666 1237 1700 habet
1261 1665 1493 1709 Plutarchus,
1516 1666 1563 1699 de
1584 1667 1682 1700 Fort.

296 1731 420 1770 Rom„
449 1728 552 1774 quasi
587 1740 606 1762 a
634 1729 837 1771 πανδαισίῃ
864 1727 1005 1761 lautum
1037 1725 1264 1768 convivium,
1304 1726 1380 1773 ejus
1412 1726 1513 1761 urbis
1544 1739 1682 1762 nomen

296 1791 477 1832 oriretur3
504 1789 568 1823 sed
596 1787 832 1823 verisimilius
860 1796 914 1823 est
941 1801 961 1823 a
985 1791 1143 1832 πάνδοσις
1162 1788 1346 1836 originem
1370 1789 1528 1832 habere,
1552 1789 1685 1824 eodem

298 1864 404 1885 sensu
424 1863 464 1884 ac
478 1853 657 1899 Hui-aelon,
671 1850 693 1883 i.
710 1862 739 1884 e.
763 1862 842 1895 quae
864 1849 984 1884 omnis
1005 1850 1150 1896 generis
1164 1850 1286 1896 fruges
1297 1849 1450 1897 profert.
1472 1850 1589 1884 Situm
1609 1850 1685 1895 ejus

299 1912 410 1947 hodie
439 1912 608 1958 ignotum
647 1923 724 1945 esse
761 1917 867 1957 putat
896 1910 949 1944 Cl.
980 1911 1024 1944 V.
1054 1910 1268 1954 D'Anville,
1297 1911 1360 1957 qui
1386 1917 1510 1944 tamen
1535 1911 1685 1945 Bruttiis

299 1973 485 2008 adscribit.
510 1972 721 2006 Pandosius
743 1972 781 2005 in
805 1971 959 2006 Arcadia
987 1972 1085 2005 lacus
1111 1978 1205 2014 erat,
1226 1972 1493 2017 Pandosc'aque
1511 1972 1683 2006 meretri-

300 2035 349 2070 cis
382 2046 539 2077 nomen,
568 2033 659 2067 sicut
685 2040 720 2067 et
747 2033 950 2075 Pandora,
980 2033 1125 2067 feminae
1154 2033 1211 2067 vel
1236 2033 1359 2079 potius
1385 2032 1462 2067 deae
1502 2033 1685 2080 primige—

299 2096 386 2138 niae,
412 2096 451 2129 id
477 2102 529 2129 est
555 2096 649 2129 lunae
676 2107 696 2128 a
722 2094 807 2136 diis,
834 2106 897 2128 seu
921 2106 980 2127 ΧΠ
1009 2093 1192 2128 sideribus
1216 2093 1379 2138 zodiaci,
1405 2094 1514 2128 donis
1535 2102 1685 2131 ornatae.

353 2156 602 2191 Brundisium.
623 2155 684 2190 Sic
704 2162 858 2189 veteres.
880 2155 999 2189 Graeci
1012 2161 1198 2204 Βρενττζσιον
1216 2176 1222 2192 :
1242 2154 1341 2189 unde
1360 2167 1381 2190 a
1399 2155 1520 2202 poetis
1532 2156 1687 2194 Brenda

301 2219 437 2253 dictum
450 2245 458 2261 ,
479 2229 524 2251 ex
538 2218 647 2252 Festo
657 2243 666 2260 ,
678 2228 747 2263 pro
758 2217 909 2250 Brenta.
923 2216 1172 2250 Brundusium
1192 2222 1245 2250 est
1259 2216 1369 2251 lectio
1381 2216 1541 2263 vulgata.
1554 2218 1587 2252 A
1603 2224 1688 2268 (3ng-

300 2291 364 2325 023,
391 2280 521 2321 fastus,
548 2278 777 2325 arrogantia,
806 2277 997 2324 superbia,
1028 2283 1232 2327 βρενθύομαι,
1253 2277 1432 2311 fastuosus
1461 2290 1539 2314 esse
1565 2286 1601 2314 et
1627 2292 1685 2314 ar—

300 2353 453 2388 rogans,
482 2339 692 2386 superbhe,
715 2340 775 2373 vel
803 2338 1015 2373 immediate
1045 2351 1065 2372 a
1095 2341 1241 2388 βρένδω,
1268 2351 1416 2385 cervus,
1444 2346 1598 2390 βρένθιω,
1622 2353 1687 2375 σα,

302 2409 367 2448 put
400 2401 519 2444 cervi,
554 2401 654 2447 apud
681 2400 906 2447 MessapiOS,
935 2412 1096 2446 quorum
1124 2399 1362 2435 Brundisium
1391 2401 1573 2448 oppidum
1597 2409 1686 2438 erat.

354 2463 436 2496 CAP.
460 2463 529 2496 III,
562 2462 804 2508 illas-dasque.
825 2460 987 2504 Quidam
1010 2461 1082 2495 hoc
1107 2461 1191 2495 loco
1218 2462 1387 2508 legerunt
1408 2463 1559 2506 λΜθᾱοε,
1586 2476 1685 2510 qu0⁶

302 2524 417 2559 modo
441 2530 475 2558 et
502 2523 540 2556 in
568 2523 730 2557 Eusebio
758 2522 896 2556 editum
925 2530 998 2566 est,
1023 2529 1153 2557 contra
1179 2523 1316 2567 libros,
1343 2524 1393 2559 ait
1420 2525 1599 2571 Bongars.

363 2585 567 2620 Thalestris
577 2585 651 2618 sive
662 2584 862 2630 Mim'thya.
892 2584 1118 2627 Thalestris,
1134 2598 1153 2618 a
1172 2592 1290 2631 θαλέω,
1302 2584 1438 2630 floreo,
1453 2586 1579 2631 vireo,
1591 2587 1690 2623 unde

304 2655 427 2695 Ouzia,
442 2660 513 2682 una
528 2659 547 2681 e
561 2646 697 2681 Gratiis
711 2653 746 2681 et
764 2646 898 2692 Musis,
913 2646 1043 2681 eadem
1063 2654 1115 2680 est
1135 2659 1176 2681 ac
1197 2647 1376 2681 Romanis
1396 2648 1532 2692 Flora,
1555 2649 1689 2684 Graecis
