1783 3282
297 281 341 315 63
880 282 899 315 J
903 281 1067 316 USTINI

297 364 448 423 gustiis
480 364 634 406 armati
663 373 922 414 occurrunt3
949 374 993 406 et
1017 363 1222 405 adversus
1252 362 1500 421 quindecim
1529 360 1661 404 millia

298 440 506 495 militum,
540 458 627 485 non
662 441 847 501 amplius
884 451 1059 484 centum
1093 441 1181 499 jam
1225 441 1377 483 effoetae
1413 441 1548 483 aetatis
1582 440 1663 482 viri

299 538 452 581 pugnae
475 538 519 564 se
542 521 743 564 offerunt.
770 524 959 564 Tantum
979 521 1224 562 animorum
1245 520 1491 578 viriumque
1516 519 1664 578 patriae

298 610 340 642 et
366 600 590 660 penatium
619 609 875 659 conspectus
902 598 1224 651 subministrat3
1252 607 1460 656 tantoque
1482 613 1664 657 praesen-

298 679 380 733 tia,
403 694 533 737 quam
555 677 858 720 recordatione
884 677 969 731 sui,
993 676 1177 735 majores
1200 675 1377 735 spiritus
1403 673 1661 734 largiuntur.

299 758 412 801 Nam
430 791 440 810 ,
468 766 517 799 ut
540 755 706 810 videre,
731 757 842 798 inter
870 771 983 814 qnae,
1013 764 1056 798 et
1086 771 1165 814 pro
1193 753 1350 813 quibus
1382 763 1563 808 starent,
1592 763 1667 796 aut

299 835 561 878 vincendum
584 834 684 889 sibi,
699 843 773 876 aut
788 833 1062 876 moriendum
1084 842 1361 876 censuerunt.
1381 832 1515 875 Pauci
1535 831 1667 891 igitur

300 914 542 957 sustinuere
572 928 691 955 senes
721 913 876 966 aciem,
906 912 975 954 cui
1005 928 1081 970 par
1112 921 1212 953 ante
1238 911 1350 954 diem
1377 911 1577 953 universa
1599 910 1666 969 ju·

303 1002 455 1034 ventus
480 1007 569 1034 esse
591 1006 678 1032 non
702 990 855 1048 potuit.
881 991 931 1031 In
955 1005 1005 1031 eo
1029 988 1180 1047 proelio
1205 989 1290 1032 duo
1319 989 1449 1031 duces
1475 988 1666 1031 hostium

302 1070 507 1112 cecidere.
526 1070 674 1124 Quum
691 1068 885 1119 interim,
909 1066 1095 1126 Agesilai
1114 1066 1303 1109 adventu
1324 1067 1544 1119 nuntiato,
1557 1067 1669 1109 The-

303 1148 401 1190 bani
430 1162 668 1190 recessere:
686 1161 765 1188 nec
791 1144 953 1188 bellum
979 1145 1051 1187 diu
1076 1144 1279 1198 dilatu1n3
1304 1144 1516 1204 siquidem
1541 1146 1669 1203 Spar-

306 1237 503 1268 tanorum
531 1226 756 1284 juventus,
788 1240 938 1266 senum
967 1224 1128 1266 virtute
1157 1233 1200 1266 et
1232 1223 1368 1283 gloria
1396 1224 1590 1280 incensa⁷
1614 1233 1671 1266 te-

305 1305 394 1346 neri
433 1320 518 1345 non
556 1303 726 1362 potuit,
766 1303 870 1361 quin
905 1319 955 1344 ex
999 1303 1238 1345 continenti
1275 1303 1365 1345 acie
1405 1302 1667 1346 decerneret.

305 1386 454 1439 Quum
485 1383 664 1424 victoria
695 1382 1001 1424 Thebanorum
1035 1390 1166 1434 esset,
1190 1381 1533 1440 Epaminondas,
1567 1381 1670 1423 dum

306 1478 391 1504 non
416 1460 538 1503 ducis
573 1470 769 1514 tantum,
795 1476 944 1502 verum
979 1459 1108 1502 etiam
1139 1458 1361 1502 fortissimi
1396 1458 1544 1502 militis
1579 1459 1672 1502 offi-

306 1540 372 1582 cio
404 1539 622 1598 fungitur,
657 1538 845 1598 graviter
878 1537 1146 1581 vulneratur.
1182 1538 1285 1593 Quo
1320 1538 1487 1592 audito,
1524 1538 1590 1581 his
1622 1554 1670 1580 ex

307 1617 454 1660 dolore
476 1627 635 1671 metus,
654 1616 736 1659 illis
751 1632 801 1659 ex
817 1616 993 1676 gaudio,
1019 1625 1172 1675 stupor
1197 1617 1417 1675 injicitur3
1440 1626 1570 1675 atque
1594 1618 1672 1669 ita,

308 1695 440 1739 veluti
464 1713 514 1738 ex
540 1695 700 1754 placito
724 1711 955 1747 consensu,
977 1712 1001 1737 a
1024 1694 1176 1754 proelio
1199 1694 1447 1738 disceditur.

372 1777 486 1817 VIII.
511 1777 614 1817 Post
638 1789 796 1833 paucos
824 1772 978 1815 deinde
1008 1772 1097 1815 dies
1129 1772 1450 1832 Epaminondas
1478 1773 1672 1816 decedit:

308 1869 407 1895 cum
433 1869 519 1911 quo
542 1853 652 1894 vires
676 1867 849 1910 quoque
872 1850 1120 1910 reipublicae
1145 1851 1409 1894 ceciderunt.
1437 1853 1571 1907 Nam,
1598 1852 1674 1895 sic-

308 1932 390 1985 uti,
418 1930 504 1974 telo
529 1931 562 1973 si
593 1931 778 1990 primam
802 1930 936 1972 aciem
958 1929 1245 1989 praefregei‘is,
1269 1928 1437 1988 reliquo
1456 1929 1570 1972 ferro
1589 1931 1674 1972 vim

309 2010 493 2053 nocendi
523 2008 772 2059 sustuleri53
803 2009 862 2050 sic
892 2007 966 2050 illo
991 2006 1134 2068 (velut
1161 2024 1371 2050 mucrone
1403 2006 1501 2067 teli)
1531 2007 1674 2051 ablato

309 2088 418 2131 duce
450 2088 776 2142 Thebanorum,
804 2087 865 2128 rei
900 2102 1073 2145 quoque
1107 2084 1290 2146 publicae
1323 2086 1434 2129 vires
1465 2086 1676 2130 hebetatae

310 2177 409 2209 sunt
434 2184 442 2209 ;
468 2176 516 2210 ut
544 2183 631 2209 non
661 2175 748 2208 tam
774 2164 897 2208 illum
922 2166 1131 2220 amisisse,
1161 2181 1290 2224 quam
1317 2181 1417 2208 cum
1444 2164 1519 2208 illo
1547 2166 1676 2209 inter-

312 2246 407 2289 iisse
439 2262 588 2289 omnes
617 2245 881 2288 viderentur.
917 2245 1031 2287 Nam
1068 2260 1209 2303 neque
1242 2244 1360 2287 hunc
1394 2254 1493 2288 ante
1520 2245 1675 2288 ducem

310 2323 447 2367 ullum
471 2322 751 2367 memorabile
772 2322 934 2366 bellum
952 2338 1139 2382 gessere3
1164 2338 1243 2365 nec
1263 2333 1411 2382 postea
1425 2324 1675 2379 virtutibus,

311 2403 384 2446 sed
415 2402 609 2446 cladibus
644 2402 832 2461 insignes
866 2400 1015 2442 fuere:
1044 2410 1094 2443 ut
1121 2401 1399 2444 manifestum
1430 2402 1503 2457 sit,
1527 2404 1676 2462 patria:

312 2480 492 2541 gloriam
519 2491 562 2523 et
587 2490 731 2523 natam
760 2488 803 2521 et
831 2479 1087 2521 exstinctam
1116 2496 1215 2522 cum
1240 2496 1290 2523 eo
1316 2479 1459 2523 fuisse.
1485 2482 1585 2524 Fuit
1606 2497 1678 2524 au-

313 2571 399 2604 tem
422 2560 654 2613 incertum,
685 2558 749 2600 vir
777 2556 948 2612 melior,
980 2574 1032 2599 an
1064 2558 1150 2601 dux
1179 2569 1300 2601 esset.
1335 2560 1448 2602 Nam
1480 2569 1522 2602 et
1550 2560 1678 2619 impe-

312 2641 423 2683 rium
454 2656 540 2682 non
569 2638 673 2693 sibi,
693 2636 770 2688 ⁴sed
798 2636 945 2695 patriae
970 2653 1138 2695 semper
1170 2638 1386 2697 quaesivit3
1414 2648 1456 2680 et
1483 2639 1677 2697 pecuniae
