1783 3282
354 286 545 321 JUSTINI
576 284 928 319 HISTORIARUM
960 287 1049 322 LIB.
1075 288 1200 322 XXII.
1388 288 1456 323 185

92 370 313 428 piraticam
360 368 563 411 adversus
613 368 798 427 patriam
837 369 1044 410 exercuit.
1091 370 1226 412 Saluti
1265 374 1301 413 ei
1348 370 1427 414 fuit
1446 406 1456 426 7

90 447 208 505 quod
236 447 339 490 socii
366 448 481 506 capti
514 447 705 506 tortique
734 447 787 490 de
820 446 893 489 illo
918 458 1200 506 negaverunt.
1229 451 1298 492 Bis
1328 466 1455 494 occu-

91 542 193 584 pare
230 527 461 586 imperium
501 528 815 586 Syracusarum
856 525 1032 568 voluit:
1068 526 1133 569 bis
1173 528 1214 569 in
1259 528 1455 572 exsilium

91 614 212 648 actus
233 615 308 648 est.

158 686 212 729 ΙΙ.
241 687 275 728 Α
312 686 628 745 Murgantinis,
655 685 772 745 apud
793 701 901 745 quos
926 682 1171 736 exsulabat,
1203 682 1304 726 odio
1332 686 1455 744 Syra-

90 779 371 818 cusanorum,
411 766 553 823 primo
592 774 778 823 praetor,
819 781 920 808 mox
965 764 1052 807 dux
1088 773 1272 807 creatur.
1314 765 1365 806 In
1406 781 1458 807 eo

92 841 204 886 bello
230 853 272 886 et
292 843 445 886 urbem
465 845 781 886 Leontinorum
800 845 936 904 capit,
955 853 995 886 et
1020 844 1208 903 patriam
1238 858 1360 886 suam
1384 844 1460 903 Sy-

90 937 262 965 racusas
294 922 492 965 obsidere
525 923 657 983 eoepit
684 923 771 966 :ad
807 924 929 983 cujus
962 921 1173 965 auxilium
1210 920 1454 978 Hamilcar,

89 1000 176 1044 dux
206 1002 466 1057 Poenorum,
501 1000 779 1061 imploratus,
814 1001 1020 1062 depositis
1056 999 1288 1044 hostilibus
1325 1000 1460 1054 odiis,

90 1078 288 1138 praesidia
328 1078 517 1123 militum
556 1081 704 1123 mittit.
749 1081 816 1123 Ita
853 1097 942 1123 uno
983 1079 1224 1140 eodemque
1262 1089 1460 1139 tempore

91 1159 309 1218 Syracusae
334 1168 376 1201 et
404 1159 457 1202 ab
488 1159 633 1215 hoste,
668 1158 785 1202 civili
815 1176 962 1203 amore
991 1159 1192 1215 defensae,
1224 1169 1265 1202 et
1299 1176 1322 1202 a
1346 1159 1463 1215 cive,

91 1236 238 1280 hostili
259 1238 359 1281 odio
385 1239 650 1298 impugnatae
675 1248 788 1281 sunt.
817 1238 901 1282 Sed
924 1238 1210 1299 Agathocles,
1236 1255 1372 1298 quum
1404 1238 1463 1280 vi·

95 1316 216 1359 deret
237 1316 393 1360 fortius
421 1317 595 1360 defendi
632 1318 807 1372 urbem,
837 1333 965 1377 quam
1002 1318 1277 1378 oppugnari,
1318 1317 1461 1377 preci-

91 1394 170 1437 bus
194 1411 271 1455 per
296 1396 586 1439 internuntios
610 1395 903 1439 Hamilcarem
931 1406 1107 1451 exorat,
1135 1406 1183 1439 ut
1208 1397 1323 1440 inter
1349 1413 1392 1439 se
1420 1405 1462 1438 et

90 1475 382 1534 Syracusanos
406 1476 523 1535 pacis
541 1475 722 1518 arbitria
737 1476 963 1535 suscipiat,
992 1474 1229 1535 peculiaria
1248 1476 1292 1518 in
1316 1476 1460 1535 ipsum

90 1552 231 1596 officia
269 1569 346 1596 sua
386 1555 707 1615 repromittens.
747 1555 847 1611 Qua
887 1571 961 1615 spe
999 1553 1204 1614 impletus
1239 1553 1464 1598 Hamilcar

94 1633 344 1676 societatem
386 1649 486 1676 cum
527 1649 598 1689 eo,
637 1643 755 1676 metu
791 1634 996 1694 potentiae
1023 1634 1143 1692 ejus,
1169 1634 1315 1693 jungit
1346 1650 1355 1676 z
1395 1643 1462 1687 ut,

92 1722 304 1772 quantum
332 1713 492 1756 virium
516 1712 744 1773 Agathocli
772 1712 976 1756 adversus
1002 1715 1296 1772 Syracusanos
1323 1713 1461 1756 dedis-

91 1801 173 1844 set,
200 1800 370 1834 tantum
395 1793 485 1852 ipse
510 1792 564 1835 ad
589 1792 855 1835 incrementa
893 1791 1140 1835 domesticae
1167 1792 1372 1851 potentiae
1398 1808 1464 1835 re-

92 1875 318 1931 ciperaret.
345 1872 487 1932 Igitur
505 1887 594 1914 non
619 1888 703 1931 pax
731 1880 902 1913 tantum
925 1869 1157 1930 Agathocli
1190 1869 1463 1925 conciliatur,

90 1966 237 1993 verum
263 1950 395 1993 etiam
433 1960 593 2011 praetor
630 1949 852 2009 Syracusis
891 1950 1186 1992 constituitur.
1222 1951 1345 1992 Tunc
1380 1952 1466 1992 Ha-

91 2027 282 2083 milcari,
310 2029 514 2090 expositis
547 2029 721 2088 ignibus
747 2029 880 2071 cereis
909 2028 1148 2087 tactisque,
1177 2027 1221 2070 in
1259 2027 1466 2087 obsequia

94 2110 325 2150 Poenorum
346 2109 478 2167 jurat.
505 2107 675 2151 Deinde
696 2109 882 2167 acceptis
912 2108 964 2150 ab
985 2123 1036 2150 eo
1052 2108 1247 2166 quinque
1274 2105 1466 2150 millibus

90 2186 324 2242 Afrorum,
355 2188 677 2246 potentissimos
717 2203 913 2245 quosque
949 2203 999 2229 ex
1033 2187 1303 2246 principibus
1337 2187 1466 2230 inter-

90 2266 178 2309 ficit
213 2284 221 2309 ε
250 2276 381 2325 atque
418 2267 478 2308 ita
509 2264 642 2308 veluti
681 2265 931 2326 reipublicae
972 2275 1134 2308 statum
1171 2265 1466 2321 formaturus,

93 2345 308 2406 populum
336 2347 379 2388 in
404 2346 626 2388 theatrum
656 2345 711 2388 ad
736 2346 990 2388 concionem
1017 2345 1164 2387 vocari
1189 2345 1336 2404 jubet,
1363 2362 1467 2388 con-

98 2434 237 2468 tracto
264 2426 306 2467 in
333 2426 558 2484 gymnasio
598 2434 772 2479 senatu,
800 2425 923 2484 quasi
957 2423 1154 2483 quaedam
1193 2425 1313 2483 prius
1353 2425 1468 2467 ordi-

94 2514 289 2548 naturus.
319 2505 390 2548 Sic
413 2505 663 2564 compositis
688 2503 839 2559 rebus,
867 2504 1067 2546 immissis
1093 2502 1305 2546 militibus
1330 2521 1468 2564 popu-

94 2583 184 2627 lum
211 2583 398 2639 obsidet,
424 2593 624 2626 senatum
653 2582 840 2625 trucidat
869 2599 876 2625 :
907 2583 1031 2642 cujus
1059 2593 1233 2643 peracta
1256 2582 1395 2637 caede,
1416 2599 1465 2625 cx

95 2663 219 2723 plebe
241 2679 416 2724 quoque
431 2662 796 2722 locupletissimos
811 2672 850 2705 et
875 2663 1223 2722 promptissimos
1249 2662 1463 2704 interficit.
