1783 3282
263 251 335 288 216
725 251 871 285 NOTAE
900 251 951 284 IN
980 249 1175 283 JUSTI'NI

710 396 766 430 IN
806 395 1022 430 LIBRUM
1063 393 1193 428 XIII.

314 508 395 542 Cu.
417 507 478 542 IV.
506 506 774 540 Lusa-ationem
793 511 1006 537 castrorum.
1028 502 1254 536 Lustrabant
1280 502 1414 537 milites
1438 514 1527 537 cane
1555 501 1635 536 dis-

264 569 379 612 cisso,
405 574 439 602 et
463 567 510 601 ab
535 573 690 613 utraque
711 571 814 611 parte
834 562 1021 610 projecto,
1042 569 1080 596 ut
1099 562 1264 597 referunt
1288 564 1385 597 Curt.
1401 590 1410 606 ,
1435 575 1481 607 x,
1503 575 1548 610 9,
1572 576 1614 597 12
1629 590 1637 606 ,

264 636 299 665 et
317 628 417 673 Liv.,
436 641 504 671 XL,
531 627 577 661 6:
600 643 614 658 «
630 625 879 660 Macedonum
906 635 1030 670 reges,
1059 622 1109 657 ait
1133 622 1295 666 Curtius,
1322 623 1372 657 ita
1398 624 1552 658 lustrare
1575 635 1638 657 so—

262 690 319 725 liti
345 696 449 725 erant
472 688 627 730 milites,
652 692 692 720 ut
722 685 879 720 discissae
903 684 1004 719 canis
1037 684 1177 718 viscera
1201 684 1333 718 ultimo
1358 684 1398 718 in
1424 696 1575 731 campo,
1598 683 1635 719 in

264 763 373 799 quem
400 750 641 785 deduceretur
659 745 860 790 exercitus,
874 746 922 781 ab
939 752 1094 792 utraque
1115 744 1363 791 abjicerentur
1386 752 1489 792 parte
1510 758 1517 779 :
1541 745 1636 780 intra

262 813 302 848 id
326 811 484 859 spatium
506 808 637 844 armati
664 820 793 843 omnes
818 814 976 851 starent,
997 807 1085 842 hinc
1108 806 1268 854 equites,
1291 807 1394 841 illinc
1421 807 1595 853 phalanx.
1623 825 1636 837 n

264 891 278 905 «
305 875 410 908 Forte
437 871 637 911 lustrandi,
672 869 793 916 inquit
820 868 969 912 Livius,
1001 868 1184 903 exercitus
1206 868 1309 903 venit
1342 876 1501 916 tempus,
1539 867 1638 912 cujus

263 936 424 970 solemne
458 939 513 966 est
536 932 620 965 tale.
659 930 776 976 Caput
803 930 938 963 medioe
964 930 1067 963 canis
1081 929 1260 977 proecc'soe
1286 937 1323 963 et
1343 931 1449 976 prior
1463 942 1563 977 pars
1587 931 1641 963 ad

264 997 459 1030 deoeteram
484 1004 565 1026 cum
586 992 704 1032 extis,
722 991 911 1038 posterior
927 990 981 1024 ad
998 991 1133 1024 loevam
1150 990 1226 1024 vioe
1237 990 1399 1037 ponitur.
1419 993 1522 1025 Inter
1541 990 1639 1025 hanc

263 1056 416 1089 divisam
443 1053 602 1087 hostiam
627 1052 748 1099 copioe
783 1058 942 1085 armatoe
967 1051 1210 1084 traducuntur.
1233 1050 1488 1096 Proeferuntur
1512 1053 1639 1098 primo

265 1115 406 1163 agmini
429 1126 536 1148 arma
563 1113 721 1160 insignia
747 1113 907 1147 omnium
929 1111 976 1145 ab
1003 1111 1138 1145 ultima
1157 1112 1294 1159 origine
1316 1112 1554 1146 illacedonioe
1578 1125 1638 1146 re-

261 1190 358 1225 gum.
373 1176 518 1210 Deinde
531 1187 596 1209 rex
609 1175 690 1222 ipse
702 1187 783 1209 cum
797 1173 917 1208 liberis
931 1173 1099 1220 sequitur.
1115 1173 1298 1208 Proxima
1311 1180 1366 1206 est
1374 1173 1476 1220 regia
1488 1172 1615 1207 cohors
1626 1200 1638 1215 ,

265 1238 504 1285 custodesque
543 1236 720 1284 corporis.
764 1236 999 1270 Postremum
1035 1246 1171 1282 agmen
1216 1234 1465 1268 Macedonum
1503 1242 1640 1269 coetera

265 1300 458 1335 multitudo
488 1298 638 1333 claudit.
676 1297 921 1340 Lustrabant,
946 1295 986 1330 id
1015 1303 1068 1330 est
1097 1295 1315 1342 expiabant,
1343 1295 1569 1342 purgabant,
1587 1296 1641 1330 fa-

265 1361 385 1404 cibus,
400 1360 594 1407 sulphure,
613 1359 813 1402 bitumine,
837 1370 931 1405 aqua
950 1364 1058 1404 atque
1083 1357 1179 1403 igni,
1202 1356 1267 1390 ubi
1286 1356 1515 1391 addixissent
1536 1369 1638 1401 aves,

266 1421 463 1465 exercitus,
495 1427 531 1455 et
563 1421 692 1455 classes
723 1420 922 1466 copiasque
946 1418 1116 1459 navales,
1148 1424 1182 1452 et
1214 1417 1343 1459 ιιι-ὕες,
1372 1425 1407 1451 et
1438 1429 1569 1464 agros,
1606 1425 1641 1452 et

266 1495 370 1526 oves,
394 1489 429 1517 et
447 1488 630 1528 pastores,
652 1488 687 1515 et
697 1492 812 1527 pagos
827 1508 835 1523 ,
862 1486 896 1514 et
915 1491 1047 1526 rogos,
1063 1485 1098 1513 et
1119 1490 1224 1523 arva,
1239 1478 1462 1522 ambiendo,
1481 1479 1640 1514 circum-

267 1543 412 1586 eundo,
438 1542 535 1577 unde
563 1542 817 1576 Ambarvalia.

317 1603 609 1650 Paropatnclsios,
622 1602 839 1649 Legendum
861 1616 868 1636 z
883 1602 1186 1649 Paropamisiog
1207 1611 1241 1637 et
1247 1602 1348 1649 fines
1364 1601 1525 1637 Caucasi
1540 1615 1641 1638 mon-

266 1667 327 1708 tis,
355 1664 574 1711 Oxyarches
596 1665 757 1710 accepit,
775 1676 819 1698 ex
834 1664 995 1698 Arriano
1010 1670 1045 1697 et
1064 1664 1239 1711 Dexippo
1259 1663 1358 1710 apud
1377 1664 1568 1708 photium,
1581 1665 1641 1699 vel

266 1726 495 1767 Axiarclzes,
511 1738 581 1772 pro
597 1725 828 1772 Oxyarclzes,
838 1738 882 1760 ex
892 1725 974 1759 edd.
986 1726 1115 1772 antiq.:
1131 1725 1351 1772 Oxyarches
1361 1726 1408 1761 ab
1418 1730 1498 1772 ὀξύς,
1510 1727 1622 1761 velox
1633 1753 1642 1770 ‚

266 1794 300 1821 et
315 1793 422 1837 ἀρχᾶς,
435 1786 628 1833 princeps3
643 1786 852 1820 Axiarches
866 1799 956 1820 vero
971 1787 1019 1820 ab
1034 1792 1130 1831 ἄξιός,
1149 1786 1282 1833 dignus
1303 1801 1312 1820 ι
1333 1798 1411 1820 non
1431 1793 1552 1822 autem
1565 1787 1643 1822 Pa-

265 1859 520 1894 mpemmenos
532 1848 633 1893 fines
660 1846 818 1881 Caucasi
842 1848 993 1889 montis,
1020 1847 1235 1881 Extare-hes
1253 1848 1405 1895 accepit.
1432 1848 1491 1883 Sic
1511 1860 1641 1896 supra,

265 1921 346 1951 ΧΠ,
376 1907 414 1952 5,
440 1909 764 1955 Parapammenos
784 1908 958 1954 scriptum
981 1915 1033 1942 est
1048 1920 1117 1955 pro
1137 1908 1428 1956 Paropamisios.

318 1970 503 2003 Aracossi.
536 1972 604 2003 Aut
632 1970 753 2015 potius
780 1969 998 2010 Arachosii,
1018 1981 1062 2003 ex
1091 1969 1234 2004 Ortelio
1260 1976 1296 2003 et
1325 1968 1537 2013 D'Anville,
1562 1970 1639 2003 suf-

265 2031 430 2077 fragante
458 2030 645 2073 Diodoro,
678 2042 778 2071 xvn,
813 2030 856 2064 81
872 2058 880 2074 ,
913 2038 947 2064 et
968 2043 1092 2073 xvnI,
1117 2030 1156 2074 3,
1181 2030 1283 2077 quod
1305 2043 1350 2065 ex
1372 2030 1454 2064 Ald.
1480 2037 1515 2065 et
1541 2033 1640 2066 Junt.

264 2091 404 2137 recepit
440 2091 651 2125 Gronovius
682 2103 809 2136 nepos.
847 2090 1048 2125 Arachosii
1074 2098 1109 2125 et
1131 2091 1339 2125 Arachosia
1360 2090 1408 2126 ab
1435 2097 1514 2142 ἀραί,
1533 2091 1643 2136 dirae,

266 2151 450 2186 execratio
463 2178 472 2195 ,
491 2152 551 2185 vel
575 2158 687 2200 &sav-3²,
716 2151 805 2185 diris
829 2151 963 2185 devota
978 2179 986 2195 ,
1011 2152 1227 2196 maledicta,
1251 2159 1285 2187 et
1303 2163 1400 2201 χῶσις
1421 2154 1480 2188 vel
1499 2161 1568 2203 2503
1581 2162 1643 2189 aut

265 2222 351 2262 χώς,
387 2224 518 2260 agger,
547 2213 664 2246 moles
701 2219 868 2259 aggesta,
909 2214 1068 2247 tumulus
1103 2214 1163 2248 vel
1196 2225 1257 2249 ara
1284 2225 1330 2247 ex
1357 2220 1454 2248 terra
1479 2222 1642 2262 aggesta,

268 2274 398 2320 gallice
424 2273 593 2308 :ombelle
605 2287 619 2315 ,-
651 2273 749 2307 unde
779 2280 813 2307 et
840 2273 1029 2316 Arachos,
1053 2286 1264 2321 cognomen
1289 2274 1526 2310 Alexandriae
1550 2279 1642 2312 Ara-

269 2335 411 2369 chosiae.

324 2396 486 2429 Gedrosi.
510 2396 580 2429 Vel
603 2394 773 2438 Cedrosi3
797 2397 976 2444 Κηδρωσίσ.
1006 2397 1107 2430 enim
1126 2406 1160 2431 et
1188 2399 1356 2447 rzSpmoiz
1382 2397 1482 2444 apud
1499 2398 1641 2432 Diodo-

268 2468 349 2489 rum
376 2456 529 2502 legitur,
551 2466 590 2490 ut
616 2457 753 2491 Cnidus
776 2463 811 2491 et
835 2457 993 2500 an'dus,
1013 2469 1033 2491 a
1052 2460 1223 2507 κέδρωσις,
1243 2458 1326 2492 vitis
1345 2458 1447 2499 alba,
1466 2458 1642 2505 bryonia,

269 2519 406 2565 κεδρέω,
425 2516 577 2550 cedrino
600 2518 683 2551 oleo
703 2518 861 2563 inungo,
876 2518 936 2551 vel
959 2517 1091 2552 rectius
1115 2530 1135 2551 a
1158 2528 1214 2567 «Γῆ,
1234 2525 1351 2561 terra,
1371 2525 1406 2553 et
1425 2521 1551 2568 δρόσος,
1564 2532 1642 2556 ros.

269 2579 419 2625 ὃμσξζω,
454 2577 595 2619 irrorn,
621 2589 704 2611 rore
732 2577 928 2624 perfundo.
954 2579 1110 2612 Gedrosi
1139 2578 1252 2625 igitur
1278 2579 1402 2612 malim
1429 2591 1473 2614 ex
1500 2588 1641 2627 etymo-

269 2638 379 2684 logia.
