1783 3282
338 322 356 357 5
363 334 382 356 2
922 320 939 352 J
944 319 1107 353 USTINI

335 404 525 448 cecidere
554 402 692 457 bello;
718 402 790 445 sed
814 401 999 461 proeliati
1026 401 1078 443 ad
1103 399 1320 453 ultimum,
1352 401 1535 443 victores
1566 402 1694 442 etiam

335 482 574 537 interdum,
603 482 848 540 consumpti
873 481 1009 540 magis
1034 479 1217 521 fortunae
1239 479 1467 533 varietate,
1496 495 1625 537 quam
1654 480 1694 520 vi

334 562 434 605 victi
465 570 576 605 sunt.
604 561 824 620 Principio
853 557 955 601 belli
987 572 1135 600 omnes
1158 557 1210 599 ab
1240 557 1306 599 his
1333 558 1462 599 etiam
1492 558 1595 600 socii
1625 557 1696 600 de-

334 641 567 695 sciverant,
609 649 655 683 ut
692 640 737 682 fii
769 656 777 680 :
808 653 895 696 quo
928 653 970 679 se
1001 634 1196 689 fortuna,
1227 635 1378 678 eodem
1413 637 1542 678 etiam
1576 636 1695 679 favor

333 720 560 762 hominum
591 717 782 761 inclinat.

394 800 449 841 ΙΙ.
476 797 718 842 Alcibiades
751 811 924 856 quoque
958 803 1126 838 motum
1159 792 1364 836 adversus
1389 793 1575 853 patriam
1609 793 1697 838 bel-

334 878 443 932 lum,
468 894 555 921 non
579 877 763 937 gregarii
789 874 936 918 militis
959 890 1110 934 opera,
1131 872 1203 916 sed
1228 873 1502 932 imperatoris
1525 873 1695 916 virtuti-

331 956 410 999 bus
433 956 623 1015 adjuvat.
644 955 821 1013 Quippe
847 953 1032 1012 acceptis
1050 952 1243 1012 quinque
1264 951 1466 1006 navibus,
1490 952 1534 994 in
1548 953 1692 996 Asiam

332 1034 579 1089 contendit,
609 1042 650 1076 et
676 1033 925 1075 tributarias
952 1031 1283 1074 Atheniensium
1308 1030 1523 1086 civitates,
1549 1040 1695 1075 aucto-

332 1114 459 1155 ritate
488 1112 675 1154 nominis
706 1112 792 1163 sui,
827 1110 881 1153 ad
908 1109 1195 1152 defectionem
1229 1107 1464 1168 compellit.
1495 1110 1694 1152 Sciebant

329 1191 445 1233 enim
461 1190 579 1233 domi
594 1189 776 1244 clarum,
801 1205 878 1232 nec
900 1187 1048 1231 exsilio
1065 1187 1269 1230 videbant
1283 1187 1446 1231 factum
1460 1188 1693 1237 minorem;

330 1286 409 1312 nec
435 1279 521 1312 tam
556 1267 747 1311 ablatum
775 1267 1111 1311 Atheniensibus
1136 1266 1310 1321 ducem,
1340 1283 1471 1326 quam
1496 1266 1696 1310 Lacedae—

330 1348 484 1391 moniis
516 1347 743 1399 traditum3
776 1355 984 1406 partaque
1009 1362 1108 1389 cum
1142 1347 1308 1389 amissis
1337 1346 1517 1405 imperia
1542 1362 1695 1406 pensa-

328 1428 446 1469 bant.
474 1425 556 1469 Sed
580 1425 695 1485 apud
718 1424 1065 1469 Lacedaemonios
1091 1424 1226 1467 virtus
1251 1423 1486 1468 Alcibiadis
1512 1423 1609 1484 plus
1631 1426 1696 1467 in-

328 1505 453 1547 vidiae
477 1521 607 1564 quam
632 1505 779 1564 gratiae
802 1504 1029 1547 contraxit.
1050 1505 1203 1562 Itaque
1227 1519 1361 1562 quum
1386 1504 1604 1562 principes
1624 1520 1696 1547 ve-

328 1582 393 1626 lut
420 1581 624 1625 aemulum
645 1581 791 1642 gloriae
816 1598 901 1625 suae
926 1581 1274 1624 interficiendum
1303 1582 1469 1625 insidiis
1495 1583 1695 1626 mandas-

329 1672 443 1716 sent,
467 1662 644 1722 cognita
678 1677 749 1715 re,
777 1660 1019 1704 Alcibiades
1046 1677 1123 1719 per
1154 1676 1333 1703 uxorem
1362 1661 1513 1721 Agidis
1555 1662 1695 1721 regis,

328 1757 458 1800 quam
487 1740 700 1784 adulterio
735 1748 1017 1800 cognoverat,
1046 1738 1099 1781 ad
1130 1739 1485 1798 Tissaphernem,
1522 1739 1697 1799 praefec-

329 1830 421 1863 tum
446 1820 569 1863 Darii
599 1819 731 1879 regis,
757 1817 979 1877 profugit,
1010 1818 1079 1860 cui
1106 1834 1148 1861 se
1178 1816 1376 1861 celeriter
1407 1817 1537 1861 officii
1565 1820 1696 1862 comi-

330 1908 416 1941 tate
433 1932 444 1951 ,
470 1907 511 1940 et
530 1897 796 1956 obsequendi
819 1897 956 1957 gratia
985 1896 1232 1939 insinuavit.
1261 1899 1364 1939 Erat
1393 1898 1508 1940 enim
1535 1907 1577 1940 et
1600 1907 1698 1941 aeta-

329 1979 382 2019 tis
406 1977 531 2031 flore,
564 1985 605 2019 et
637 1976 785 2019 formae
817 1975 1119 2029 veneratione,
1148 1992 1226 2018 nec
1256 1976 1401 2019 minus
1429 1975 1696 2036 eloquentia,

328 2057 458 2098 etiam
496 2056 608 2097 inter
649 2055 952 2109 Athenienses,
988 2054 1168 2113 insignis
1191 2054 1295 2097 :sed
1328 2055 1370 2097 in
1410 2054 1696 2100 conciliandis

330 2133 619 2176 amicitiarum
643 2133 814 2188 studiis,
833 2149 964 2192 quam
987 2133 1031 2174 in
1047 2132 1305 2188 retinendis,
1323 2134 1388 2175 vir
1403 2133 1578 2177 melior:
1595 2136 1697 2194 quia

330 2229 500 2256 morum
523 2213 628 2255 vitia
651 2213 730 2255 sub
753 2213 906 2255 umbra
931 2211 1186 2271 eloquentiae
1214 2213 1356 2272 primo
1380 2212 1587 2257 latebant.
1614 2215 1698 2274 Igi-

330 2302 400 2335 tur
430 2291 664 2351 persuadet
691 2292 997 2352 Tissapherni,
1033 2310 1052 2331 <t
1069 2292 1134 2334 Ne
1170 2300 1289 2334 tanta
1329 2292 1545 2352 stipendia
1573 2292 1696 2337 classi

328 2371 757 2414 Lacedaemoniorum
775 2372 996 2430 praeberet.
1007 2370 1238 2413 Vocandos
1254 2372 1370 2414 enim
1391 2372 1433 2414 in
1449 2373 1695 2431 portionem

329 2450 520 2492 muneris
555 2451 722 2503 Ionios,
761 2466 947 2509 quorum
985 2465 1063 2508 pro
1099 2448 1321 2503 libertate,
1356 2467 1491 2509 quum
1531 2452 1694 2495 tributa

329 2528 662 2571 Atheniensibus
685 2527 947 2587 penderent,
971 2526 1133 2570 bellum
1156 2538 1403 2588 susceptum
1421 2530 1488 2572 sit.
1508 2529 1591 2573 Sed
1614 2547 1693 2573 nec

329 2606 497 2650 auxiliis
514 2607 640 2650 nimis
661 2609 784 2650 enixe
805 2606 1402 2665 Lacedaemoniosjuvandos;
1419 2608 1581 2668 quippe
1602 2625 1692 2651 me-

332 2702 495 2729 morem
516 2702 606 2728 esse
629 2686 808 2733 debere,
834 2684 1019 2728 alienam
1045 2703 1087 2729 se
1111 2687 1357 2738 victoriam,
1377 2703 1464 2729 non
1492 2703 1612 2730 suam
1630 2688 1693 2730 in·
