1783 3282
428 240 774 274 1115TORIARUM
804 242 891 274 LIB.
917 243 996 275 VH.
1348 242 1393 284 73

31 322 252 366 niensibus
266 331 486 364 certamen
510 321 592 364 fuit
608 339 617 364 ε
634 322 792 380 quibus
813 338 890 381 per
914 324 1089 366 insidias
1119 327 1260 381 victis,
1276 337 1391 370 metu

29 399 131 443 belli
163 400 399 462 gravioris,
431 417 564 459 quum
597 400 839 443 interficere
868 417 1017 443 omnes
1043 413 1206 460 posset,
1234 405 1397 448 incolu-

30 494 119 522 mes
142 479 234 522 sine
253 479 395 538 pretio
416 478 594 522 dimisit.
616 480 721 523 Post
740 478 831 523 haec
846 512 858 531 ,
872 477 985 522 bello
1010 480 1054 521 in
1076 479 1245 539 Illyrios
1260 492 1397 525 trans-

31 556 147 613 lato,
173 555 313 600 multa
342 556 479 601 millia
506 557 698 601 hostium
726 557 877 612 caedit3
904 558 1058 601 urbem
1086 557 1395 602 nobilissimam

29 635 246 679 Larissam
269 636 398 695 capit.
414 636 528 680 Hinc
546 636 812 680 Thessaliam
826 671 837 693 ,
854 653 943 680 non
966 636 1120 697 praedae
1140 637 1396 697 cupiditate,

30 713 105 757 sed
129 713 247 773 quod
278 715 488 757 exercitui
518 731 596 758 suo
628 715 762 758 robur
793 715 1082 759 thessalorum
1106 717 1303 775 equitum
1325 716 1401 759 ad-

26 793 210 854 jungere
230 793 457 853 gestiebat,
480 793 588 836 nihil
610 794 754 837 minus
777 810 908 853 quam
930 793 1092 838 bellum
1113 804 1398 849 metuentem,

31 872 292 932 improvisus
320 882 559 932 expugnat3
584 888 809 933 unumque
836 889 993 933 corpus
1022 874 1219 933 equitum
1249 873 1400 933 pedes-

31 951 254 1011 triumque
282 951 507 1011 copiarum
539 952 691 996 invicti
718 953 932 996 exercitus
958 952 1073 996 fecit.
1102 953 1275 1009 Quibus
1309 952 1401 996 feli-

33 1030 142 1074 citer
181 1030 562 1091 provenientibus,
595 1029 935 1091 Olympiadem,
971 1031 1249 1092 Neoptolemi
1289 1033 1402 1092 regis

32 1109 328 1154 Molossorum
359 1109 518 1166 filiam,
552 1126 733 1154 uxorem
759 1110 900 1166 ducit;
929 1110 1190 1155 conciliante
1228 1112 1402 1171 nuptias

33 1188 166 1232 fratre
200 1187 423 1250 patruele,
451 1187 588 1232 altore
623 1190 805 1249 virginis
838 1190 1036 1245 Arruba,
1066 1207 1166 1250 rege
1192 1189 1403 1233 Molosso-

33 1284 153 1323 rum,
170 1269 245 1328 qui
264 1284 458 1311 sororem
481 1266 753 1328 Olympiadis
773 1268 945 1311 Troada
963 1269 1006 1310 in
1026 1269 1306 1311 matrimonio
1328 1269 1403 1310 ha-

33 1347 162 1390 bebat
186 1363 195 1389 :
224 1363 318 1407 quae
345 1363 474 1390 causa
504 1346 567 1390 illi
596 1347 733 1403 exitii,
761 1346 1066 1407 malorumque
1097 1347 1294 1390 omnium
1328 1348 1405 1389 ini-

35 1427 145 1469 tium
168 1426 262 1469 fuit.
285 1427 397 1470 Nam
417 1426 522 1469 dum
547 1427 670 1488 regni
694 1426 963 1470 incrementa
985 1425 1194 1469 affinitate
1214 1425 1403 1486 Philippi

35 1505 348 1564 acquisiturum
379 1521 422 1549 se
450 1515 612 1567 sperat,
642 1507 823 1566 proprio
849 1521 983 1567 regno
1008 1506 1061 1548 ab
1091 1505 1243 1548 eodem
1269 1505 1406 1564 priva-

38 1594 106 1628 tus
124 1585 167 1627 in
182 1584 333 1628 exsilio
348 1585 586 1628 consenuit.
605 1585 685 1628 His
705 1585 764 1628 ita
788 1585 938 1645 gestis,
958 1583 1188 1644 Philippus
1204 1584 1293 1643 jam
1318 1600 1404 1626 non

37 1673 269 1707 contentus
295 1664 552 1707 submovere
580 1662 715 1717 bella,
738 1662 856 1706 ultro
884 1664 1014 1706 etiam
1036 1664 1205 1722 quietos
1223 1661 1403 1705 lacessit.

36 1745 189 1801 Quum
216 1743 471 1787 Methonam
499 1743 652 1786 urbem
681 1752 977 1803 oppugnaret,
1005 1743 1049 1785 in
1074 1750 1405 1802 praetereuntem

38 1823 91 1866 de
107 1824 244 1867 muris
267 1823 422 1883 sagitta
438 1823 553 1882 jacta
572 1822 774 1865 dextrum
795 1821 973 1865 oculum
990 1822 1104 1882 regis
1125 1820 1288 1864 effodit.
1305 1821 1407 1876 Quo

38 1902 217 1946 vulnere
242 1918 322 1945 nec
346 1902 520 1962 segnior
542 1902 583 1944 in
610 1900 793 1953 bellum,
820 1917 901 1943 nec
926 1899 1178 1944 iracundior
1205 1899 1408 1942 adversus

39 1983 184 2025 hostes
222 1982 359 2025 factus
397 1989 460 2024 est
490 1998 498 2023 ε
532 1980 639 2023 adeo
673 1989 748 2036 ut,
785 1979 1023 2040 interjectis
1053 1978 1225 2033 diebus,
1257 1995 1407 2038 pacem

40 2060 372 2121 deprecantibus
407 2059 593 2115 dederit3
629 2075 709 2103 nec
746 2059 997 2103 moderatus
1032 2067 1224 2115 tantum,
1257 2074 1409 2101 verum

41 2141 170 2184 etiam
192 2141 308 2184 mitis
333 2139 538 2183 adversus
563 2140 702 2182 victos
722 2139 866 2183 fuerit.
