1783 3282
295 257 366 294 236
635 260 1023 297 ADNOTATIONES
1052 260 1106 294 IN
1136 260 1325 295 JUSTINI

770 410 826 443 IN
857 407 1077 442 LIBRUM
1107 407 1171 441 IV.

345 520 388 553 In
416 519 489 553 hoc
515 519 613 553 libro
639 517 837 564 Pompeius
865 517 1010 561 Trogus
1034 514 1162 548 Timaei
1190 514 1421 561 potissimum
1451 515 1563 551 Siculi
1588 516 1660 550 Hi-

292 580 414 615 storiis
433 592 517 615 usus
531 587 601 624 est,
627 592 736 626 quem
755 578 801 612 de
822 576 939 623 patria
954 588 1016 610 sua
1039 575 1352 622 populariumque
1374 576 1483 611 rebus
1502 577 1662 612 maxime

290 642 468 677 idoneum
491 654 568 676 esse
590 647 720 675 testem
744 637 939 685 judicavit.

343 703 426 738 CAP.
454 704 502 738 ΙΙ.
530 702 753 737 Anaxilaus.
775 700 883 734 Hunc
913 698 1192 744 Rheginorum‚
1220 710 1309 745 ergo
1336 698 1469 741 Italiae,
1495 710 1574 733 non
1599 699 1660 733 Si-

290 764 399 808 ciliae,
428 772 627 811 tyrannum
663 761 772 796 fuisse
800 760 912 795 ceteri
946 759 1077 794 litteris
1106 759 1347 804 mandarunt3
1371 760 1435 795 sed
1464 760 1502 793 in
1531 759 1663 794 Siciliae

291 826 433 872 oppido
458 824 612 866 Zancle,
651 822 751 869 quod
789 821 864 867 ejus
899 821 1121 856 auctoritate
1157 820 1348 855 conditum
1384 828 1457 864 est,
1488 831 1662 866 magnam

290 886 368 932 ejus
395 891 616 932 potestatem
643 883 752 918 fuisse
772 894 817 917 ex
840 882 918 928 ipsa
946 894 986 916 re
1012 888 1175 927 apparet.

345 945 526 992 Micytho.
542 945 603 979 Sic
621 943 852 986 Herod.,V11
869 970 877 986 ,
907 954 999 988 170,
1014 949 1049 976 et
1071 942 1151 986 alii;
1165 943 1231 977 sed
1250 943 1357 977 MSS.
1378 942 1513 977 Justini
1533 954 1662 976 omnes

289 1007 430 1041 Mle-alo
456 1006 514 1040 vel
541 1006 700 1040 Mecalo.

339 1068 424 1102 CAP.
457 1067 525 1101 ΙΙΙ.
558 1066 800 1101 Catinienses.
827 1065 949 1100 Ceteri
972 1077 1100 1100 omnes
1128 1072 1281 1100 narrant
1306 1077 1383 1099 non
1413 1064 1661 1107 Catinienses,

288 1128 353 1163 sed
367 1128 563 1162 Leontinos
589 1127 655 1162 illo
671 1134 839 1173 tempore
854 1126 1141 1161 Atheniensium
1169 1139 1278 1173 opem
1292 1126 1524 1173 implorasse.
1547 1126 1662 1159 Error

290 1190 348 1224 vel
379 1189 605 1223 narrationis
631 1188 788 1223 varietas
807 1188 963 1223 fortasse
984 1187 1073 1222 inde
1096 1195 1199 1231 orta,
1227 1187 1329 1234 quod
1349 1194 1384 1222 et
1410 1187 1609 1222 Leontium
1628 1194 1662 1221 et

290 1251 430 1285 Catana
456 1250 565 1285 urbes
592 1250 639 1285 ab
667 1249 976 1284 Chalcidensibus
998 1249 1157 1284 conditae
1184 1249 1344 1284 fuerunt.

341 1312 588 1358 Lamponium
612 1312 755 1345 ducem.
787 1311 892 1345 Idem
915 1323 992 1346 esse
1014 1311 1162 1345 videtur
1185 1322 1295 1357 quem
1327 1310 1439 1345 ceteri
1466 1309 1662 1345 Lachetem

289 1373 503 1416 nominant,
528 1373 637 1407 simul
665 1385 746 1407 cum
766 1373 970 1408 Charoeade
993 1372 1150 1407 Athenis
1169 1372 1210 1406 in
1229 1371 1393 1407 Siciliam
1420 1371 1582 1407 missum.

340 1435 423 1469 CAP.
446 1435 491 1468 V.
505 1434 746 1480 Eurymedon
759 1434 848 1468 duas.
869 1434 929 1468 Sic
955 1433 1136 1468 historici.
1158 1433 1277 1468 Codd.
1290 1445 1379 1467 vero
1398 1433 1632 1478 Eurylochus
1651 1447 1662 1467 :

289 1495 424 1529 Justini
452 1495 566 1541 ipsius
581 1523 589 1539 ,
610 1502 648 1529 ut
672 1494 834 1538 videtur,
864 1507 993 1538 error,
1026 1507 1138 1541 quum
1171 1494 1326 1529 Orosius
1349 1494 1425 1528 haec
1448 1494 1663 1529 describens

290 1555 507 1591 consentiat.

780 1627 841 1661 IN
873 1626 1098 1661 LIBRUM
1128 1627 1170 1660 V.

343 1736 430 1777 Quae
465 1735 662 1782 Pompeius
694 1737 839 1782 Trogus
868 1736 906 1770 in
934 1735 1006 1769 hoc
1031 1735 1130 1769 libro
1164 1741 1309 1776 narrat,
1347 1735 1394 1768 ab
1429 1742 1502 1768 tam
1539 1735 1663 1769 multis

288 1796 533 1843 scriptoribus
565 1797 701 1831 tradita
727 1797 892 1840 fuerunt,
921 1804 960 1831 ut
987 1797 1023 1830 in
1054 1803 1156 1830 tanta
1184 1808 1335 1840 eorum,
1362 1796 1424 1842 qui
1452 1796 1497 1830 ad
1537 1803 1663 1831 nostra

289 1866 456 1904 tempora
486 1865 755 1904 pervenerunt,
789 1858 972 1905 paucitate
1002 1857 1049 1892 ad
1083 1857 1269 1904 liquidum
1296 1857 1450 1904 perduci
1483 1858 1558 1904 jam
1587 1870 1663 1892 non

289 1918 427 1964 possit,
454 1931 562 1965 quem
585 1919 680 1954 inter
703 1932 766 1954 eos
792 1919 966 1953 habuerit
985 1918 1056 1953 sibi
1082 1919 1224 1953 ducem.

339 1979 422 2013 CAP.
450 1981 512 2014 lv.
548 1981 643 2015 Sesti
665 1982 875 2015 stlindarus.
910 1981 995 2014 Haec
1026 1980 1166 2026 primus
1199 1981 1343 2014 Isaacus
1371 1980 1519 2014 Vossius
1551 1980 1662 2014 resti—

287 2040 355 2073 tuit
381 2053 388 2074 ε
418 2041 527 2075 codd.
554 2053 682 2076 omnes
716 2049 751 2076 et
778 2041 861 2076 edd.
889 2048 974 2075 ante
1003 2053 1088 2075 eum
1112 2048 1323 2075 monstrose
1350 2054 1357 2074 ι
1388 2042 1663 2075 Zestrominda-

288 2112 380 2134 reus.
407 2102 527 2136 Possis
554 2102 664 2137 etiam
688 2114 770 2136 cum
796 2102 876 2136 aliis·
903 2102 1007 2136 Sesto
1033 2102 1253 2143 Mlndarus,
1270 2114 1346 2148 quo
1368 2102 1483 2136 modo
1499 2102 1663 2136 Justinus

285 2174 379 2208 saepe
416 2163 591 2208 loquitur.
631 2163 801 2197 Ceterum
833 2162 1098 2206 Athenienses,
1134 2174 1213 2197 non
1244 2163 1535 2206 Lacedaemonii‚
1570 2164 1663 2198 Sesti

286 2224 561 2269 exspectabant.

338 2286 420 2319 Cap,
446 2286 487 2319 V.
506 2285 662 2321 Conone.
692 2285 765 2320 Sed
792 2297 837 2320 eo
855 2298 933 2319 non
958 2286 1038 2319 solo
1064 2298 1070 2318 :
1099 2297 1235 2320 novem
1249 2286 1347 2320 enim
1373 2292 1568 2336 στρατηγοὺς
1593 2285 1663 2320 ad-

285 2345 479 2389 diderunt,
505 2346 637 2393 quibus
663 2353 793 2393 postea
817 2346 1049 2392 magistratus
1076 2346 1276 2393 abrogatus
1303 2354 1366 2381 est.

337 2408 418 2442 Cap.
446 2409 508 2443 VI.
539 2408 705 2442 Justinus
740 2407 778 2442 in
807 2408 879 2441 hoc
911 2407 1031 2453 capite
1060 2419 1211 2442 narrare
1245 2407 1368 2443 omisit
1400 2408 1582 2443 celebrem
1618 2407 1663 2442 ad

286 2468 483 2515 Arginusas
509 2481 683 2515 pugnam.

337 2529 420 2563 CAr.
444 2530 546 2564 VIII.
574 2530 741 2577 Insignis
764 2529 824 2562 [τίς
850 2541 980 2564 annus.
1008 2530 1187 2576 Intelligit
1210 2542 1348 2564 annum
1376 2535 1448 2571 [502
1476 2543 1495 2564 a
1524 2529 1563 2563 C.
1592 2530 1661 2570 N.‚

286 2592 423 2637 olymp.
455 2591 502 2638 93
539 2604 570 2624 a.
599 2596 618 2632 l,
649 2603 656 2624 :
687 2603 759 2637 quo
788 2597 910 2624 tamen
939 2591 1138 2638 Dionysius
1173 2591 1358 2638 Syracusis
1385 2592 1559 2638 expulsus
1586 2603 1663 2624 non

286 2658 360 2694 est,
387 2652 450 2686 sed
470 2652 527 2686 vel
549 2665 578 2685 a.
603 2650 675 2686 356
698 2665 717 2685 a
737 2651 878 2695 Dione,
903 2652 961 2686 vel
984 2665 1013 2687 a.
1042 2651 1112 2692 343
1136 2664 1155 2686 a
1176 2652 1422 2687 Timoleonte.
1447 2651 1578 2687 Gravis
1604 2651 1662 2685 hic
