<?xml version="1.0" encoding="UTF-8"?>
<!DOCTYPE html PUBLIC "-//W3C//DTD XHTML 1.0 Transitional//EN"
    "http://www.w3.org/TR/xhtml1/DTD/xhtml1-transitional.dtd">
<html xmlns="http://www.w3.org/1999/xhtml" xml:lang="en" lang="en">
 <head>
  <title>
</title>
<meta http-equiv="Content-Type" content="text/html;charset=utf-8" />
  <meta name='ocr-system' content='tesseract 3.04.00' />
  <meta name='ocr-capabilities' content='ocr_page ocr_carea ocr_par ocr_line ocrx_word'/>
</head>
<body>
  <div class='ocr_page' id='page_1' title='image "./historiarumphili01justuoft_0156.png"; bbox 0 0 1783 3282; ppageno 0'>
   <div class='ocr_carea' id='block_1_1' title="bbox 318 233 1091 271">
    <p class='ocr_par' dir='ltr' id='par_1_1' title="bbox 318 233 1091 271">
     <span class='ocr_line' id='line_1_1' title="bbox 318 233 1091 271; baseline -0.004 0"><span class='ocrx_word' id='word_1_1' title='bbox 318 248 331 270; x_wconf 92' lang='lat'>1</span> <span class='ocrx_word' id='word_1_2' title='bbox 342 235 388 271; x_wconf 78' lang='lat'><strong>38</strong></span> <span class='ocrx_word' id='word_1_3' title='bbox 903 233 1091 269; x_wconf 85' lang='lat' dir='ltr'><strong>JUSTINI</strong></span> 
     </span>
    </p>
   </div>
   <div class='ocr_carea' id='block_1_2' title="bbox 307 314 1690 2675">
    <p class='ocr_par' dir='ltr' id='par_1_2' title="bbox 308 314 1690 1165">
     <span class='ocr_line' id='line_1_2' title="bbox 312 314 1681 376; baseline -0.001 -15"><span class='ocrx_word' id='word_1_4' title='bbox 312 320 608 376; x_wconf 84' lang='lat' dir='ltr'><strong>immensaque</strong></span> <span class='ocrx_word' id='word_1_5' title='bbox 627 315 740 360; x_wconf 88' lang='lat' dir='ltr'><strong>bella</strong></span> <span class='ocrx_word' id='word_1_6' title='bbox 763 318 1052 371; x_wconf 79' lang='lat' dir='ltr'><strong>revocaverit,</strong></span> <span class='ocrx_word' id='word_1_7' title='bbox 1076 325 1117 359; x_wconf 85' lang='lat' dir='ltr'><strong>et</strong></span> <span class='ocrx_word' id='word_1_8' title='bbox 1145 333 1170 359; x_wconf 87' lang='lat' dir='ltr'><strong>a</strong></span> <span class='ocrx_word' id='word_1_9' title='bbox 1197 315 1360 359; x_wconf 83' lang='lat' dir='ltr'><strong>laribus</strong></span> <span class='ocrx_word' id='word_1_10' title='bbox 1377 315 1466 375; x_wconf 86' lang='lat' dir='ltr'><strong>jam</strong></span> <span class='ocrx_word' id='word_1_11' title='bbox 1495 314 1681 375; x_wconf 88' lang='lat' dir='ltr'><strong>quodam</strong></span> 
     </span>
     <span class='ocr_line' id='line_1_3' title="bbox 310 393 1685 456; baseline -0.001 -17"><span class='ocrx_word' id='word_1_12' title='bbox 310 395 442 439; x_wconf 90' lang='lat' dir='ltr'><strong>modo</strong></span> <span class='ocrx_word' id='word_1_13' title='bbox 469 396 576 451; x_wconf 90' lang='lat' dir='ltr'><strong>suis,</strong></span> <span class='ocrx_word' id='word_1_14' title='bbox 600 405 644 440; x_wconf 90' lang='lat' dir='ltr'><strong>et</strong></span> <span class='ocrx_word' id='word_1_15' title='bbox 671 396 724 440; x_wconf 88' lang='lat' dir='ltr'><strong>ab</strong></span> <span class='ocrx_word' id='word_1_16' title='bbox 754 397 850 456; x_wconf 89' lang='lat' dir='ltr'><strong>ipso</strong></span> <span class='ocrx_word' id='word_1_17' title='bbox 873 394 1024 438; x_wconf 90' lang='lat' dir='ltr'><strong>limine</strong></span> <span class='ocrx_word' id='word_1_18' title='bbox 1050 394 1200 454; x_wconf 87' lang='lat' dir='ltr'><strong>patriae</strong></span> <span class='ocrx_word' id='word_1_19' title='bbox 1225 393 1457 450; x_wconf 88' lang='lat' dir='ltr'><strong>abductos,</strong></span> <span class='ocrx_word' id='word_1_20' title='bbox 1481 394 1685 438; x_wconf 86' lang='lat' dir='ltr'><strong>inanibus</strong></span> 
     </span>
     <span class='ocr_line' id='line_1_4' title="bbox 310 473 1682 535; baseline 0 -18"><span class='ocrx_word' id='word_1_21' title='bbox 310 475 532 534; x_wconf 91' lang='lat' dir='ltr'><strong>promissis</strong></span> <span class='ocrx_word' id='word_1_22' title='bbox 557 474 775 535; x_wconf 78' lang='lat' dir='ltr'>deceperit</span> <span class='ocrx_word' id='word_1_23' title='bbox 803 492 811 517; x_wconf 72' lang='grc' dir='ltr'>ι</span> <span class='ocrx_word' id='word_1_24' title='bbox 844 490 961 516; x_wconf 91' lang='lat' dir='ltr'><strong>nunc</strong></span> <span class='ocrx_word' id='word_1_25' title='bbox 995 489 1170 532; x_wconf 84' lang='lat' dir='ltr'><strong>quoque</strong></span> <span class='ocrx_word' id='word_1_26' title='bbox 1200 473 1368 516; x_wconf 85' lang='lat' dir='ltr'><strong>amissis</strong></span> <span class='ocrx_word' id='word_1_27' title='bbox 1395 473 1596 517; x_wconf 88' lang='lat' dir='ltr'><strong>omnibus</strong></span> <span class='ocrx_word' id='word_1_28' title='bbox 1623 473 1682 517; x_wconf 91' lang='lat' dir='ltr'><strong>fe-</strong></span> 
     </span>
     <span class='ocr_line' id='line_1_5' title="bbox 310 549 1686 614; baseline 0.001 -18"><span class='ocrx_word' id='word_1_29' title='bbox 310 553 404 598; x_wconf 90' lang='lat' dir='ltr'><strong>licis</strong></span> <span class='ocrx_word' id='word_1_30' title='bbox 436 553 601 598; x_wconf 81' lang='lat' dir='ltr'><strong>militiae</strong></span> <span class='ocrx_word' id='word_1_31' title='bbox 634 554 889 614; x_wconf 71' lang='lat' dir='ltr'><strong>quaestibus,</strong></span> <span class='ocrx_word' id='word_1_32' title='bbox 922 568 975 595; x_wconf 93' lang='lat' dir='ltr'><strong>ne</strong></span> <span class='ocrx_word' id='word_1_33' title='bbox 1012 552 1151 595; x_wconf 89' lang='lat' dir='ltr'><strong>victos</strong></span> <span class='ocrx_word' id='word_1_34' title='bbox 1176 549 1352 611; x_wconf 89' lang='lat' dir='ltr'><strong>quidem</strong></span> <span class='ocrx_word' id='word_1_35' title='bbox 1381 553 1427 594; x_wconf 92' lang='lat' dir='ltr'><strong>in</strong></span> <span class='ocrx_word' id='word_1_36' title='bbox 1456 552 1614 596; x_wconf 87' lang='lat' dir='ltr'><strong>misera</strong></span> <span class='ocrx_word' id='word_1_37' title='bbox 1644 564 1686 597; x_wconf 86' lang='lat' dir='ltr'><strong>et</strong></span> 
     </span>
     <span class='ocr_line' id='line_1_6' title="bbox 310 630 1685 694; baseline 0 -19"><span class='ocrx_word' id='word_1_38' title='bbox 310 634 431 694; x_wconf 89' lang='lat' dir='ltr'><strong>inopi</strong></span> <span class='ocrx_word' id='word_1_39' title='bbox 453 643 626 677; x_wconf 85' lang='lat' dir='ltr'>senecta</span> <span class='ocrx_word' id='word_1_40' title='bbox 643 633 865 693; x_wconf 88' lang='lat' dir='ltr'>quiescere</span> <span class='ocrx_word' id='word_1_41' title='bbox 895 633 1019 675; x_wconf 88' lang='lat' dir='ltr'><strong>sinat.</strong></span> <span class='ocrx_word' id='word_1_42' title='bbox 1046 651 1066 671; x_wconf 74' lang='lat'><strong>2&gt;</strong></span> <span class='ocrx_word' id='word_1_43' title='bbox 1095 631 1264 691; x_wconf 77' lang='lat' dir='ltr'><strong>Ignaris</strong></span> <span class='ocrx_word' id='word_1_44' title='bbox 1287 630 1443 674; x_wconf 90' lang='lat' dir='ltr'><strong>deinde</strong></span> <span class='ocrx_word' id='word_1_45' title='bbox 1473 630 1657 676; x_wconf 89' lang='lat' dir='ltr'><strong>ducibus</strong></span> <span class='ocrx_word' id='word_1_46' title='bbox 1673 667 1685 689; x_wconf 90' lang='lat'><strong>,</strong></span> 
     </span>
     <span class='ocr_line' id='line_1_7' title="bbox 310 710 1684 772; baseline -0.005 -16"><span class='ocrx_word' id='word_1_47' title='bbox 310 712 541 756; x_wconf 84' lang='lat' dir='ltr'><strong>confestim</strong></span> <span class='ocrx_word' id='word_1_48' title='bbox 562 712 616 755; x_wconf 88' lang='lat' dir='ltr'><strong>ad</strong></span> <span class='ocrx_word' id='word_1_49' title='bbox 640 713 913 772; x_wconf 81' lang='lat' dir='ltr'><strong>Antigonum</strong></span> <span class='ocrx_word' id='word_1_50' title='bbox 939 710 1104 772; x_wconf 83' lang='lat' dir='ltr'><strong>legatos</strong></span> <span class='ocrx_word' id='word_1_51' title='bbox 1118 711 1323 765; x_wconf 88' lang='lat' dir='ltr'><strong>mittunt,</strong></span> <span class='ocrx_word' id='word_1_52' title='bbox 1348 719 1564 770; x_wconf 83' lang='lat' dir='ltr'><strong>petentes,</strong></span> <span class='ocrx_word' id='word_1_53' title='bbox 1590 712 1684 756; x_wconf 75' lang='lat' dir='ltr'><strong>«Ut</strong></span> 
     </span>
     <span class='ocr_line' id='line_1_8' title="bbox 310 788 1684 851; baseline -0.001 -16"><span class='ocrx_word' id='word_1_54' title='bbox 310 807 386 835; x_wconf 87' lang='lat' dir='ltr'><strong>sua</strong></span> <span class='ocrx_word' id='word_1_55' title='bbox 413 791 535 835; x_wconf 84' lang='lat' dir='ltr'>reddi</span> <span class='ocrx_word' id='word_1_56' title='bbox 560 792 724 851; x_wconf 87' lang='lat' dir='ltr'><strong>jubeat.</strong></span> <span class='ocrx_word' id='word_1_57' title='bbox 754 793 795 834; x_wconf 86' lang='lat' dir='ltr'><strong>Is</strong></span> <span class='ocrx_word' id='word_1_58' title='bbox 818 790 1093 834; x_wconf 89' lang='lat' dir='ltr'><strong>redditurum</strong></span> <span class='ocrx_word' id='word_1_59' title='bbox 1123 807 1166 832; x_wconf 89' lang='lat' dir='ltr'><strong>se</strong></span> <span class='ocrx_word' id='word_1_60' title='bbox 1191 788 1445 850; x_wconf 88' lang='lat' dir='ltr'><strong>pollicetur,</strong></span> <span class='ocrx_word' id='word_1_61' title='bbox 1468 791 1503 834; x_wconf 91' lang='lat' dir='ltr'><strong>si</strong></span> <span class='ocrx_word' id='word_1_62' title='bbox 1524 792 1684 834; x_wconf 84' lang='lat' dir='ltr'>Eume-</span> 
     </span>
     <span class='ocr_line' id='line_1_9' title="bbox 311 870 1681 929; baseline -0.001 -15"><span class='ocrx_word' id='word_1_63' title='bbox 311 889 410 915; x_wconf 89' lang='lat' dir='ltr'><strong>nem</strong></span> <span class='ocrx_word' id='word_1_64' title='bbox 432 872 513 914; x_wconf 90' lang='lat' dir='ltr'><strong>sibi</strong></span> <span class='ocrx_word' id='word_1_65' title='bbox 538 871 726 913; x_wconf 85' lang='lat' dir='ltr'><strong>tradant.</strong></span> <span class='ocrx_word' id='word_1_66' title='bbox 746 891 766 911; x_wconf 84' lang='lat'>»</span> <span class='ocrx_word' id='word_1_67' title='bbox 788 871 961 926; x_wconf 85' lang='lat' dir='ltr'><strong>Quibus</strong></span> <span class='ocrx_word' id='word_1_68' title='bbox 983 870 1189 929; x_wconf 82' lang='lat' dir='ltr'><strong>cognitis,</strong></span> <span class='ocrx_word' id='word_1_69' title='bbox 1212 872 1430 913; x_wconf 86' lang='lat' dir='ltr'><strong>Eumenes</strong></span> <span class='ocrx_word' id='word_1_70' title='bbox 1459 886 1558 913; x_wconf 83' lang='lat' dir='ltr'><strong>cum</strong></span> <span class='ocrx_word' id='word_1_71' title='bbox 1579 886 1681 929; x_wconf 86' lang='lat' dir='ltr'><strong>pau-</strong></span> 
     </span>
     <span class='ocr_line' id='line_1_10' title="bbox 308 947 1681 1009; baseline -0.001 -16"><span class='ocrx_word' id='word_1_72' title='bbox 308 952 368 994; x_wconf 86' lang='lat' dir='ltr'><strong>cis</strong></span> <span class='ocrx_word' id='word_1_73' title='bbox 405 950 554 1009; x_wconf 82' lang='lat' dir='ltr'><strong>fugere</strong></span> <span class='ocrx_word' id='word_1_74' title='bbox 592 951 778 991; x_wconf 86' lang='lat' dir='ltr'><strong>tentavit</strong></span> <span class='ocrx_word' id='word_1_75' title='bbox 814 965 822 991; x_wconf 91' lang='lat'>:</span> <span class='ocrx_word' id='word_1_76' title='bbox 862 949 936 991; x_wconf 88' lang='lat' dir='ltr'><strong>sed</strong></span> <span class='ocrx_word' id='word_1_77' title='bbox 980 958 1215 1002; x_wconf 82' lang='lat' dir='ltr'><strong>retractus,</strong></span> <span class='ocrx_word' id='word_1_78' title='bbox 1258 947 1494 1008; x_wconf 84' lang='lat' dir='ltr'><strong>desperatis</strong></span> <span class='ocrx_word' id='word_1_79' title='bbox 1528 948 1681 1003; x_wconf 78' lang='lat' dir='ltr'><strong>rebus,</strong></span> 
     </span>
     <span class='ocr_line' id='line_1_11' title="bbox 308 1026 1690 1088; baseline -0.003 -16"><span class='ocrx_word' id='word_1_80' title='bbox 308 1045 443 1088; x_wconf 92' lang='lat' dir='ltr'><strong>quum</strong></span> <span class='ocrx_word' id='word_1_81' title='bbox 459 1043 696 1071; x_wconf 83' lang='lat' dir='ltr'><strong>concursus</strong></span> <span class='ocrx_word' id='word_1_82' title='bbox 711 1026 1006 1070; x_wconf 82' lang='lat' dir='ltr'><strong>multitudinis</strong></span> <span class='ocrx_word' id='word_1_83' title='bbox 1020 1027 1159 1069; x_wconf 86' lang='lat' dir='ltr'><strong>factus</strong></span> <span class='ocrx_word' id='word_1_84' title='bbox 1179 1035 1301 1082; x_wconf 85' lang='lat' dir='ltr'><strong>esset,</strong></span> <span class='ocrx_word' id='word_1_85' title='bbox 1319 1028 1443 1086; x_wconf 88' lang='lat' dir='ltr'><strong>petit,</strong></span> <span class='ocrx_word' id='word_1_86' title='bbox 1459 1037 1508 1070; x_wconf 89' lang='lat' dir='ltr'><strong>ut</strong></span> <span class='ocrx_word' id='word_1_87' title='bbox 1521 1036 1690 1086; x_wconf 88' lang='lat' dir='ltr'><strong>postre-</strong></span> 
     </span>
     <span class='ocr_line' id='line_1_12' title="bbox 309 1104 1177 1165; baseline -0.001 -16"><span class='ocrx_word' id='word_1_88' title='bbox 309 1123 429 1150; x_wconf 88' lang='lat' dir='ltr'><strong>mum</strong></span> <span class='ocrx_word' id='word_1_89' title='bbox 457 1107 537 1149; x_wconf 87' lang='lat' dir='ltr'><strong>sibi</strong></span> <span class='ocrx_word' id='word_1_90' title='bbox 560 1104 723 1165; x_wconf 85' lang='lat' dir='ltr'><strong>alloqui</strong></span> <span class='ocrx_word' id='word_1_91' title='bbox 749 1106 988 1148; x_wconf 81' lang='lat' dir='ltr'><strong>exercitum</strong></span> <span class='ocrx_word' id='word_1_92' title='bbox 1014 1104 1177 1148; x_wconf 84' lang='lat' dir='ltr'><strong>liceret.</strong></span> 
     </span>
    </p>

    <p class='ocr_par' dir='ltr' id='par_1_3' title="bbox 307 1184 1689 2675">
     <span class='ocr_line' id='line_1_13' title="bbox 373 1184 1685 1240; baseline -0.002 -10"><span class='ocrx_word' id='word_1_93' title='bbox 373 1188 449 1231; x_wconf 82' lang='lat' dir='ltr'><strong>IV.</strong></span> <span class='ocrx_word' id='word_1_94' title='bbox 473 1188 624 1229; x_wconf 87' lang='lat' dir='ltr'><strong>Jussus</strong></span> <span class='ocrx_word' id='word_1_95' title='bbox 655 1186 708 1229; x_wconf 87' lang='lat' dir='ltr'><strong>ab</strong></span> <span class='ocrx_word' id='word_1_96' title='bbox 744 1186 958 1228; x_wconf 85' lang='lat' dir='ltr'><strong>universis</strong></span> <span class='ocrx_word' id='word_1_97' title='bbox 995 1185 1160 1240; x_wconf 86' lang='lat' dir='ltr'><strong>dicere,</strong></span> <span class='ocrx_word' id='word_1_98' title='bbox 1194 1185 1308 1228; x_wconf 80' lang='lat' dir='ltr'><strong>facto</strong></span> <span class='ocrx_word' id='word_1_99' title='bbox 1346 1185 1542 1240; x_wconf 84' lang='lat' dir='ltr'><strong>silentio,</strong></span> <span class='ocrx_word' id='word_1_100' title='bbox 1568 1184 1685 1228; x_wconf 81' lang='lat' dir='ltr'><strong>laxa-</strong></span> 
     </span>
     <span class='ocr_line' id='line_1_14' title="bbox 311 1263 1683 1326; baseline -0.002 -16"><span class='ocrx_word' id='word_1_101' title='bbox 311 1268 448 1326; x_wconf 89' lang='lat' dir='ltr'><strong>tisque</strong></span> <span class='ocrx_word' id='word_1_102' title='bbox 474 1264 679 1320; x_wconf 84' lang='lat' dir='ltr'><strong>vinculis,</strong></span> <span class='ocrx_word' id='word_1_103' title='bbox 713 1263 948 1325; x_wconf 79' lang='lat' dir='ltr'><strong>prolatam,</strong></span> <span class='ocrx_word' id='word_1_104' title='bbox 974 1266 1085 1308; x_wconf 88' lang='lat' dir='ltr'><strong>sicut</strong></span> <span class='ocrx_word' id='word_1_105' title='bbox 1115 1275 1208 1308; x_wconf 85' lang='lat' dir='ltr'><strong>erat</strong></span> <span class='ocrx_word' id='word_1_106' title='bbox 1238 1275 1480 1320; x_wconf 88' lang='lat' dir='ltr'><strong>catenatus,</strong></span> <span class='ocrx_word' id='word_1_107' title='bbox 1504 1281 1683 1307; x_wconf 90' lang='lat' dir='ltr'><strong>manum</strong></span> 
     </span>
     <span class='ocr_line' id='line_1_15' title="bbox 310 1343 1686 1404; baseline -0.002 -15"><span class='ocrx_word' id='word_1_108' title='bbox 310 1345 527 1389; x_wconf 85' lang='lat' dir='ltr'><strong>ostendit:</strong></span> <span class='ocrx_word' id='word_1_109' title='bbox 553 1344 797 1399; x_wconf 88' lang='lat' dir='ltr'><strong>«Cernitis,</strong></span> <span class='ocrx_word' id='word_1_110' title='bbox 827 1343 1005 1399; x_wconf 83' lang='lat' dir='ltr'><strong>milites,</strong></span> <span class='ocrx_word' id='word_1_111' title='bbox 1036 1345 1196 1404; x_wconf 89' lang='lat' dir='ltr'><strong>inquit,</strong></span> <span class='ocrx_word' id='word_1_112' title='bbox 1232 1345 1429 1387; x_wconf 87' lang='lat' dir='ltr'><strong>habitum</strong></span> <span class='ocrx_word' id='word_1_113' title='bbox 1461 1353 1591 1403; x_wconf 85' lang='lat' dir='ltr'><strong>atque</strong></span> <span class='ocrx_word' id='word_1_114' title='bbox 1615 1360 1686 1386; x_wconf 87' lang='lat' dir='ltr'><strong>or-</strong></span> 
     </span>
     <span class='ocr_line' id='line_1_16' title="bbox 310 1424 1685 1482; baseline -0.002 -14"><span class='ocrx_word' id='word_1_115' title='bbox 310 1434 515 1468; x_wconf 87' lang='lat' dir='ltr'><strong>namenta</strong></span> <span class='ocrx_word' id='word_1_116' title='bbox 538 1424 660 1467; x_wconf 88' lang='lat' dir='ltr'><strong>ducis</strong></span> <span class='ocrx_word' id='word_1_117' title='bbox 682 1424 839 1478; x_wconf 87' lang='lat' dir='ltr'><strong>vestri,</strong></span> <span class='ocrx_word' id='word_1_118' title='bbox 871 1440 965 1482; x_wconf 75' lang='lat' dir='ltr'><strong>quae</strong></span> <span class='ocrx_word' id='word_1_119' title='bbox 992 1424 1099 1466; x_wconf 87' lang='lat' dir='ltr'><strong>mihi</strong></span> <span class='ocrx_word' id='word_1_120' title='bbox 1123 1440 1211 1466; x_wconf 90' lang='lat' dir='ltr'><strong>non</strong></span> <span class='ocrx_word' id='word_1_121' title='bbox 1233 1424 1427 1466; x_wconf 86' lang='lat' dir='ltr'><strong>hostium</strong></span> <span class='ocrx_word' id='word_1_122' title='bbox 1454 1424 1685 1482; x_wconf 86' lang='lat' dir='ltr'><strong>quisquam</strong></span> 
     </span>
     <span class='ocr_line' id='line_1_17' title="bbox 310 1503 1686 1564; baseline -0.001 -17"><span class='ocrx_word' id='word_1_123' title='bbox 310 1504 546 1564; x_wconf 86' lang='lat' dir='ltr'><strong>imposuit:</strong></span> <span class='ocrx_word' id='word_1_124' title='bbox 574 1520 670 1546; x_wconf 88' lang='lat' dir='ltr'><strong>nam</strong></span> <span class='ocrx_word' id='word_1_125' title='bbox 696 1504 778 1546; x_wconf 91' lang='lat' dir='ltr'><strong>hoc</strong></span> <span class='ocrx_word' id='word_1_126' title='bbox 805 1504 935 1546; x_wconf 87' lang='lat' dir='ltr'><strong>etiam</strong></span> <span class='ocrx_word' id='word_1_127' title='bbox 963 1503 1070 1546; x_wconf 87' lang='lat' dir='ltr'><strong>mihi</strong></span> <span class='ocrx_word' id='word_1_128' title='bbox 1096 1503 1249 1546; x_wconf 87' lang='lat' dir='ltr'><strong>solatio</strong></span> <span class='ocrx_word' id='word_1_129' title='bbox 1277 1504 1400 1546; x_wconf 86' lang='lat' dir='ltr'><strong>foret.</strong></span> <span class='ocrx_word' id='word_1_130' title='bbox 1422 1505 1512 1546; x_wconf 89' lang='lat' dir='ltr'><strong>Vos</strong></span> <span class='ocrx_word' id='word_1_131' title='bbox 1543 1520 1611 1546; x_wconf 89' lang='lat' dir='ltr'><strong>me</strong></span> <span class='ocrx_word' id='word_1_132' title='bbox 1635 1520 1686 1546; x_wconf 82' lang='lat' dir='ltr'><strong>ex</strong></span> 
     </span>
     <span class='ocr_line' id='line_1_18' title="bbox 308 1582 1685 1642; baseline 0.001 -18"><span class='ocrx_word' id='word_1_133' title='bbox 308 1584 475 1626; x_wconf 86' lang='lat' dir='ltr'><strong>victore</strong></span> <span class='ocrx_word' id='word_1_134' title='bbox 498 1583 684 1635; x_wconf 86' lang='lat' dir='ltr'><strong>victum,</strong></span> <span class='ocrx_word' id='word_1_135' title='bbox 710 1599 784 1625; x_wconf 86' lang='lat' dir='ltr'><strong>vos</strong></span> <span class='ocrx_word' id='word_1_136' title='bbox 809 1599 878 1625; x_wconf 91' lang='lat' dir='ltr'><strong>me</strong></span> <span class='ocrx_word' id='word_1_137' title='bbox 905 1600 956 1625; x_wconf 81' lang='lat' dir='ltr'><strong>ex</strong></span> <span class='ocrx_word' id='word_1_138' title='bbox 976 1583 1238 1642; x_wconf 79' lang='lat' dir='ltr'><strong>imperatore</strong></span> <span class='ocrx_word' id='word_1_139' title='bbox 1263 1584 1486 1642; x_wconf 86' lang='lat' dir='ltr'><strong>captivum</strong></span> <span class='ocrx_word' id='word_1_140' title='bbox 1511 1582 1685 1626; x_wconf 87' lang='lat' dir='ltr'><strong>fecistis.</strong></span> 
     </span>
     <span class='ocr_line' id='line_1_19' title="bbox 311 1662 1686 1721; baseline -0.001 -16"><span class='ocrx_word' id='word_1_141' title='bbox 311 1663 481 1718; x_wconf 86' lang='lat' dir='ltr'><strong>Quater</strong></span> <span class='ocrx_word' id='word_1_142' title='bbox 499 1663 612 1705; x_wconf 88' lang='lat' dir='ltr'><strong>intra</strong></span> <span class='ocrx_word' id='word_1_143' title='bbox 632 1662 749 1704; x_wconf 87' lang='lat' dir='ltr'><strong>hunc</strong></span> <span class='ocrx_word' id='word_1_144' title='bbox 774 1678 938 1705; x_wconf 88' lang='lat' dir='ltr'><strong>annum</strong></span> <span class='ocrx_word' id='word_1_145' title='bbox 965 1664 1007 1705; x_wconf 89' lang='lat' dir='ltr'><strong>in</strong></span> <span class='ocrx_word' id='word_1_146' title='bbox 1029 1678 1125 1705; x_wconf 83' lang='lat' dir='ltr'><strong>mea</strong></span> <span class='ocrx_word' id='word_1_147' title='bbox 1145 1663 1279 1705; x_wconf 86' lang='lat' dir='ltr'><strong>verba</strong></span> <span class='ocrx_word' id='word_1_148' title='bbox 1300 1662 1588 1721; x_wconf 87' lang='lat' dir='ltr'><strong>jurejurando</strong></span> <span class='ocrx_word' id='word_1_149' title='bbox 1609 1662 1686 1704; x_wconf 89' lang='lat' dir='ltr'><strong>ob—</strong></span> 
     </span>
     <span class='ocr_line' id='line_1_20' title="bbox 310 1741 1687 1802; baseline -0.001 -17"><span class='ocrx_word' id='word_1_150' title='bbox 310 1743 448 1785; x_wconf 88' lang='lat' dir='ltr'><strong>stricti</strong></span> <span class='ocrx_word' id='word_1_151' title='bbox 474 1742 587 1785; x_wconf 86' lang='lat' dir='ltr'><strong>estis.</strong></span> <span class='ocrx_word' id='word_1_152' title='bbox 617 1741 698 1784; x_wconf 80' lang='lat' dir='ltr'><strong>Sed</strong></span> <span class='ocrx_word' id='word_1_153' title='bbox 729 1742 810 1784; x_wconf 84' lang='lat' dir='ltr'><strong>ista</strong></span> <span class='ocrx_word' id='word_1_154' title='bbox 845 1743 1001 1785; x_wconf 84' lang='lat' dir='ltr'><strong>omitto</strong></span> <span class='ocrx_word' id='word_1_155' title='bbox 1032 1743 1190 1802; x_wconf 69' lang='lat' dir='ltr'><strong>(neque</strong></span> <span class='ocrx_word' id='word_1_156' title='bbox 1220 1743 1335 1785; x_wconf 88' lang='lat' dir='ltr'><strong>enim</strong></span> <span class='ocrx_word' id='word_1_157' title='bbox 1367 1742 1548 1785; x_wconf 88' lang='lat' dir='ltr'><strong>miseros</strong></span> <span class='ocrx_word' id='word_1_158' title='bbox 1582 1759 1687 1784; x_wconf 92' lang='lat' dir='ltr'><strong>con-</strong></span> 
     </span>
     <span class='ocr_line' id='line_1_21' title="bbox 309 1820 1686 1881; baseline -0.001 -17"><span class='ocrx_word' id='word_1_159' title='bbox 309 1822 421 1864; x_wconf 77' lang='lat' dir='ltr'><strong>vicia</strong></span> <span class='ocrx_word' id='word_1_160' title='bbox 456 1820 629 1880; x_wconf 55' lang='lat' dir='ltr'><strong>decent]</strong></span> <span class='ocrx_word' id='word_1_161' title='bbox 656 1838 664 1863; x_wconf 92' lang='lat'>:</span> <span class='ocrx_word' id='word_1_162' title='bbox 699 1838 836 1864; x_wconf 89' lang='lat' dir='ltr'><strong>unum</strong></span> <span class='ocrx_word' id='word_1_163' title='bbox 862 1837 958 1874; x_wconf 89' lang='lat' dir='ltr'><strong>oro,</strong></span> <span class='ocrx_word' id='word_1_164' title='bbox 989 1822 1022 1864; x_wconf 86' lang='lat' dir='ltr'><strong>si</strong></span> <span class='ocrx_word' id='word_1_165' title='bbox 1053 1822 1382 1881; x_wconf 82' lang='lat' dir='ltr'><strong>propositorum</strong></span> <span class='ocrx_word' id='word_1_166' title='bbox 1414 1822 1621 1881; x_wconf 82' lang='lat' dir='ltr'><strong>Antigoni</strong></span> <span class='ocrx_word' id='word_1_167' title='bbox 1643 1823 1686 1864; x_wconf 89' lang='lat' dir='ltr'><strong>in</strong></span> 
     </span>
     <span class='ocr_line' id='line_1_22' title="bbox 309 1888 1685 1959; baseline -0.001 -15"><span class='ocrx_word' id='word_1_168' title='bbox 309 1917 406 1944; x_wconf 88' lang='lat' dir='ltr'><strong>meo</strong></span> <span class='ocrx_word' id='word_1_169' title='bbox 431 1901 572 1959; x_wconf 89' lang='lat' dir='ltr'><strong>capite</strong></span> <span class='ocrx_word' id='word_1_170' title='bbox 602 1916 770 1942; x_wconf 87' lang='lat' dir='ltr'><strong>summa</strong></span> <span class='ocrx_word' id='word_1_171' title='bbox 801 1901 1020 1955; x_wconf 79' lang='lat' dir='ltr'><strong>consistit,</strong></span> <span class='ocrx_word' id='word_1_172' title='bbox 1051 1902 1163 1942; x_wconf 89' lang='lat' dir='ltr'><strong>inter</strong></span> <span class='ocrx_word' id='word_1_173' title='bbox 1186 1917 1262 1942; x_wconf 70' lang='lat' dir='ltr'><strong>vos</strong></span> <span class='ocrx_word' id='word_1_174' title='bbox 1287 1917 1355 1942; x_wconf 88' lang='lat' dir='ltr'><strong>me</strong></span> <span class='ocrx_word' id='word_1_175' title='bbox 1382 1888 1524 1943; x_wconf 74' lang='lat' dir='ltr'><strong>velitis</strong></span> <span class='ocrx_word' id='word_1_176' title='bbox 1561 1901 1685 1942; x_wconf 84' lang='lat' dir='ltr'><strong>mori.</strong></span> 
     </span>
     <span class='ocr_line' id='line_1_23' title="bbox 309 1978 1685 2039; baseline -0.001 -16"><span class='ocrx_word' id='word_1_177' title='bbox 309 1981 421 2023; x_wconf 85' lang='lat' dir='ltr'><strong>Nam</strong></span> <span class='ocrx_word' id='word_1_178' title='bbox 443 1996 585 2039; x_wconf 91' lang='lat' dir='ltr'><strong>neque</strong></span> <span class='ocrx_word' id='word_1_179' title='bbox 599 1978 713 2022; x_wconf 89' lang='lat' dir='ltr'><strong>illius</strong></span> <span class='ocrx_word' id='word_1_180' title='bbox 733 1980 931 2034; x_wconf 90' lang='lat' dir='ltr'><strong>interest,</strong></span> <span class='ocrx_word' id='word_1_181' title='bbox 950 1979 1319 2038; x_wconf 85' lang='lat' dir='ltr'><strong>quemadmodum</strong></span> <span class='ocrx_word' id='word_1_182' title='bbox 1336 1989 1409 2021; x_wconf 90' lang='lat' dir='ltr'><strong>aut</strong></span> <span class='ocrx_word' id='word_1_183' title='bbox 1427 1980 1499 2021; x_wconf 81' lang='lat' dir='ltr'><strong>ubi</strong></span> <span class='ocrx_word' id='word_1_184' title='bbox 1518 1979 1685 2033; x_wconf 82' lang='lat' dir='ltr'><strong>cadam3</strong></span> 
     </span>
     <span class='ocr_line' id='line_1_24' title="bbox 309 2057 1686 2120; baseline 0 -18"><span class='ocrx_word' id='word_1_185' title='bbox 309 2070 352 2102; x_wconf 87' lang='lat' dir='ltr'><strong>et</strong></span> <span class='ocrx_word' id='word_1_186' title='bbox 374 2076 454 2120; x_wconf 81' lang='lat' dir='ltr'><strong>ego</strong></span> <span class='ocrx_word' id='word_1_187' title='bbox 478 2058 599 2102; x_wconf 87' lang='lat' dir='ltr'><strong>fuero</strong></span> <span class='ocrx_word' id='word_1_188' title='bbox 624 2058 863 2118; x_wconf 85' lang='lat' dir='ltr'><strong>ignominia</strong></span> <span class='ocrx_word' id='word_1_189' title='bbox 888 2060 1040 2101; x_wconf 91' lang='lat' dir='ltr'><strong>mortis</strong></span> <span class='ocrx_word' id='word_1_190' title='bbox 1061 2057 1283 2101; x_wconf 87' lang='lat' dir='ltr'><strong>liberatus.</strong></span> <span class='ocrx_word' id='word_1_191' title='bbox 1306 2061 1402 2101; x_wconf 86' lang='lat' dir='ltr'><strong>Hoc</strong></span> <span class='ocrx_word' id='word_1_192' title='bbox 1427 2060 1460 2101; x_wconf 90' lang='lat' dir='ltr'><strong>si</strong></span> <span class='ocrx_word' id='word_1_193' title='bbox 1484 2061 1686 2118; x_wconf 90' lang='lat' dir='ltr'><strong>impetro,</strong></span> 
     </span>
     <span class='ocr_line' id='line_1_25' title="bbox 309 2137 1688 2197; baseline -0.001 -15"><span class='ocrx_word' id='word_1_194' title='bbox 309 2138 429 2182; x_wconf 85' lang='lat' dir='ltr'><strong>solvo</strong></span> <span class='ocrx_word' id='word_1_195' title='bbox 453 2155 528 2181; x_wconf 83' lang='lat' dir='ltr'><strong>vos</strong></span> <span class='ocrx_word' id='word_1_196' title='bbox 554 2137 860 2197; x_wconf 83' lang='lat' dir='ltr'><strong>jurejurando,</strong></span> <span class='ocrx_word' id='word_1_197' title='bbox 895 2154 981 2197; x_wconf 92' lang='lat' dir='ltr'><strong>quo</strong></span> <span class='ocrx_word' id='word_1_198' title='bbox 1013 2139 1139 2180; x_wconf 83' lang='lat' dir='ltr'><strong>toties</strong></span> <span class='ocrx_word' id='word_1_199' title='bbox 1166 2154 1242 2180; x_wconf 74' lang='lat' dir='ltr'><strong>vos</strong></span> <span class='ocrx_word' id='word_1_200' title='bbox 1276 2148 1551 2181; x_wconf 87' lang='lat' dir='ltr'><strong>sacramento</strong></span> <span class='ocrx_word' id='word_1_201' title='bbox 1580 2138 1688 2180; x_wconf 85' lang='lat' dir='ltr'><strong>mihi</strong></span> 
     </span>
     <span class='ocr_line' id='line_1_26' title="bbox 312 2217 1689 2277; baseline 0 -17"><span class='ocrx_word' id='word_1_202' title='bbox 312 2218 557 2261; x_wconf 76' lang='lat' dir='ltr'><strong>devovistis.</strong></span> <span class='ocrx_word' id='word_1_203' title='bbox 585 2220 676 2261; x_wconf 81' lang='lat' dir='ltr'><strong>Aut</strong></span> <span class='ocrx_word' id='word_1_204' title='bbox 699 2218 733 2259; x_wconf 87' lang='lat' dir='ltr'><strong>si</strong></span> <span class='ocrx_word' id='word_1_205' title='bbox 755 2218 870 2276; x_wconf 87' lang='lat' dir='ltr'><strong>ipsos</strong></span> <span class='ocrx_word' id='word_1_206' title='bbox 894 2217 1030 2277; x_wconf 87' lang='lat' dir='ltr'><strong>pudet</strong></span> <span class='ocrx_word' id='word_1_207' title='bbox 1052 2218 1227 2277; x_wconf 84' lang='lat' dir='ltr'><strong>roganti</strong></span> <span class='ocrx_word' id='word_1_208' title='bbox 1254 2217 1342 2260; x_wconf 77' lang='lat' dir='ltr'><strong>vim</strong></span> <span class='ocrx_word' id='word_1_209' title='bbox 1365 2217 1589 2271; x_wconf 82' lang='lat' dir='ltr'><strong>adhibere,</strong></span> <span class='ocrx_word' id='word_1_210' title='bbox 1606 2217 1689 2260; x_wconf 90' lang='lat' dir='ltr'><strong>fer-</strong></span> 
     </span>
     <span class='ocr_line' id='line_1_27' title="bbox 311 2296 1688 2356; baseline -0.001 -17"><span class='ocrx_word' id='word_1_211' title='bbox 311 2314 408 2340; x_wconf 86' lang='lat' dir='ltr'><strong>rum</strong></span> <span class='ocrx_word' id='word_1_212' title='bbox 430 2298 517 2340; x_wconf 91' lang='lat' dir='ltr'><strong>huc</strong></span> <span class='ocrx_word' id='word_1_213' title='bbox 541 2297 663 2349; x_wconf 82' lang='lat' dir='ltr'><strong>date,</strong></span> <span class='ocrx_word' id='word_1_214' title='bbox 689 2306 731 2339; x_wconf 90' lang='lat' dir='ltr'><strong>et</strong></span> <span class='ocrx_word' id='word_1_215' title='bbox 760 2297 1019 2356; x_wconf 87' lang='lat' dir='ltr'><strong>permittite,</strong></span> <span class='ocrx_word' id='word_1_216' title='bbox 1046 2296 1164 2356; x_wconf 89' lang='lat' dir='ltr'><strong>quod</strong></span> <span class='ocrx_word' id='word_1_217' title='bbox 1191 2313 1265 2339; x_wconf 83' lang='lat' dir='ltr'><strong>vos</strong></span> <span class='ocrx_word' id='word_1_218' title='bbox 1290 2297 1482 2340; x_wconf 85' lang='lat' dir='ltr'><strong>facturos</strong></span> <span class='ocrx_word' id='word_1_219' title='bbox 1506 2313 1585 2356; x_wconf 84' lang='lat' dir='ltr'><strong>pro</strong></span> <span class='ocrx_word' id='word_1_220' title='bbox 1606 2298 1688 2338; x_wconf 91' lang='lat' dir='ltr'><strong>im-</strong></span> 
     </span>
     <span class='ocr_line' id='line_1_28' title="bbox 311 2376 1688 2436; baseline -0.001 -17"><span class='ocrx_word' id='word_1_221' title='bbox 311 2386 510 2436; x_wconf 85' lang='lat' dir='ltr'><strong>peratore</strong></span> <span class='ocrx_word' id='word_1_222' title='bbox 535 2378 731 2436; x_wconf 86' lang='lat' dir='ltr'><strong>jurastis,</strong></span> <span class='ocrx_word' id='word_1_223' title='bbox 767 2377 1074 2436; x_wconf 86' lang='lat' dir='ltr'><strong>imperatorem</strong></span> <span class='ocrx_word' id='word_1_224' title='bbox 1103 2394 1182 2436; x_wconf 92' lang='lat' dir='ltr'><strong>pro</strong></span> <span class='ocrx_word' id='word_1_225' title='bbox 1206 2377 1328 2419; x_wconf 77' lang='lat' dir='ltr'><strong>vobis</strong></span> <span class='ocrx_word' id='word_1_226' title='bbox 1360 2377 1451 2419; x_wconf 89' lang='lat' dir='ltr'><strong>sine</strong></span> <span class='ocrx_word' id='word_1_227' title='bbox 1480 2376 1688 2436; x_wconf 82' lang='lat' dir='ltr'><strong>religione</strong></span> 
     </span>
     <span class='ocr_line' id='line_1_29' title="bbox 307 2455 1686 2515; baseline -0.001 -16"><span class='ocrx_word' id='word_1_228' title='bbox 307 2455 596 2515; x_wconf 83' lang='lat' dir='ltr'><strong>jurisjurandi</strong></span> <span class='ocrx_word' id='word_1_229' title='bbox 633 2455 830 2499; x_wconf 81' lang='lat' dir='ltr'><strong>facere.»</strong></span> <span class='ocrx_word' id='word_1_230' title='bbox 867 2456 1019 2511; x_wconf 83' lang='lat' dir='ltr'><strong>Quum</strong></span> <span class='ocrx_word' id='word_1_231' title='bbox 1054 2473 1140 2499; x_wconf 89' lang='lat' dir='ltr'><strong>non</strong></span> <span class='ocrx_word' id='word_1_232' title='bbox 1183 2457 1419 2508; x_wconf 83' lang='lat' dir='ltr'><strong>obtineret,</strong></span> <span class='ocrx_word' id='word_1_233' title='bbox 1455 2471 1602 2515; x_wconf 89' lang='lat' dir='ltr'><strong>preces</strong></span> <span class='ocrx_word' id='word_1_234' title='bbox 1644 2456 1686 2497; x_wconf 90' lang='lat' dir='ltr'><strong>in</strong></span> 
     </span>
     <span class='ocr_line' id='line_1_30' title="bbox 312 2535 1686 2595; baseline -0.001 -17"><span class='ocrx_word' id='word_1_235' title='bbox 312 2536 421 2578; x_wconf 88' lang='lat' dir='ltr'><strong>iram</strong></span> <span class='ocrx_word' id='word_1_236' title='bbox 444 2536 587 2578; x_wconf 88' lang='lat' dir='ltr'><strong>vertit.</strong></span> <span class='ocrx_word' id='word_1_237' title='bbox 621 2537 711 2578; x_wconf 82' lang='lat' dir='ltr'><strong>«At</strong></span> <span class='ocrx_word' id='word_1_238' title='bbox 740 2552 836 2590; x_wconf 81' lang='lat' dir='ltr'><strong>vos,</strong></span> <span class='ocrx_word' id='word_1_239' title='bbox 866 2536 945 2591; x_wconf 88' lang='lat' dir='ltr'><strong>ait,</strong></span> <span class='ocrx_word' id='word_1_240' title='bbox 970 2535 1127 2578; x_wconf 84' lang='lat' dir='ltr'><strong>devota</strong></span> <span class='ocrx_word' id='word_1_241' title='bbox 1161 2536 1327 2595; x_wconf 86' lang='lat' dir='ltr'><strong>capita,</strong></span> <span class='ocrx_word' id='word_1_242' title='bbox 1351 2535 1585 2594; x_wconf 89' lang='lat' dir='ltr'><strong>respiciant</strong></span> <span class='ocrx_word' id='word_1_243' title='bbox 1613 2535 1686 2577; x_wconf 92' lang='lat' dir='ltr'><strong>Dii</strong></span> 
     </span>
     <span class='ocr_line' id='line_1_31' title="bbox 313 2612 1684 2675; baseline -0.001 -19"><span class='ocrx_word' id='word_1_244' title='bbox 313 2615 606 2675; x_wconf 86' lang='lat' dir='ltr'><strong>perjuriorum</strong></span> <span class='ocrx_word' id='word_1_245' title='bbox 632 2614 844 2670; x_wconf 87' lang='lat' dir='ltr'><strong>vindices,</strong></span> <span class='ocrx_word' id='word_1_246' title='bbox 868 2614 1059 2675; x_wconf 87' lang='lat' dir='ltr'><strong>talesque</strong></span> <span class='ocrx_word' id='word_1_247' title='bbox 1082 2615 1204 2657; x_wconf 85' lang='lat' dir='ltr'><strong>vobis</strong></span> <span class='ocrx_word' id='word_1_248' title='bbox 1229 2616 1367 2657; x_wconf 80' lang='lat' dir='ltr'><strong>exitus</strong></span> <span class='ocrx_word' id='word_1_249' title='bbox 1393 2614 1518 2670; x_wconf 86' lang='lat' dir='ltr'><strong>dent,</strong></span> <span class='ocrx_word' id='word_1_250' title='bbox 1538 2612 1684 2672; x_wconf 67' lang='lat' dir='ltr'><strong>quales</strong></span> 
     </span>
    </p>
   </div>
  </div>
 </body>
</html>
