1783 3282
456 279 804 315 HISTORIARUM
835 281 921 315 LIB.
951 283 995 315 ΙΙ.
1363 295 1411 330 29

47 374 236 423 tempore
266 364 450 406 invicem
482 379 663 406 munera
693 364 918 417 miserint,
947 373 987 405 et
1016 364 1207 422 jucunda
1238 382 1410 426 quoque

41 444 153 485 inter
180 458 241 497 se,
273 458 362 485 non
398 441 539 484 solum
575 441 751 485 credula
781 441 980 485 convivia
1017 441 1268 497 habuerint3
1298 445 1412 504 judi-

40 522 156 564 cium
181 536 355 580 quoque
388 522 532 580 ipsum
565 521 656 564 sine
688 521 892 577 arbitris,
920 521 1011 563 sine
1038 521 1237 564 convicio
1267 522 1409 567 fuerit.

38 601 178 642 Tanto
201 599 467 642 moderatius
499 609 592 642 tum
615 599 769 644 fratres
794 601 906 643 inter
926 615 970 643 se
988 615 1122 659 regna
1144 601 1329 643 maxima
1351 602 1413 645 di-

38 677 265 733 videbant,
290 694 420 737 quam
441 695 558 721 nunc
581 679 735 738 exigua
758 679 1022 737 patrimonia
1037 679 1303 737 partiuntur.
1324 681 1411 739 Igi-

39 766 110 800 tur
133 759 299 800 Xerxes
326 755 490 800 bellum
518 772 542 798 a
564 766 687 816 patre
714 767 906 815 coeptum
934 756 1140 799 adversus
1169 758 1383 800 Graeciam
1401 795 1411 813 ,

39 836 391 894 quinquennium·
418 835 637 878 instruxit.
668 834 800 891 Quod
830 835 904 877 ubi
930 836 1122 894 primum
1148 835 1301 878 didicit
1328 838 1414 879 De-

38 923 248 970 maratus,
272 930 349 957 rex
367 914 820 970 Lacedaemoniorum,
842 914 916 974 qui
938 914 1056 973 apud
1075 916 1267 958 Xerxem
1291 932 1415 960 exsu-

38 991 173 1049 labat,
193 994 376 1036 amicior
399 995 550 1053 patriae
574 1003 673 1053 post
696 993 863 1054 fugam,
885 1009 1016 1053 quam
1043 994 1135 1054 regi
1158 1004 1258 1054 post
1286 995 1414 1039 bene-

37 1071 153 1127 ficia,
175 1088 228 1115 ne
257 1072 484 1132 inopinato
508 1071 624 1116 bello
649 1073 1020 1132 opprimerentur,
1045 1074 1191 1117 omnia
1214 1075 1257 1116 in
1281 1074 1414 1118 tabel-

37 1149 88 1194 lis
104 1149 258 1211 ligneis
273 1152 601 1212 magistratibus
617 1152 868 1211 perscribit,
888 1151 1127 1211 eademque
1144 1168 1243 1196 cera
1264 1170 1414 1214 super-

40 1229 220 1273 inducta
251 1229 367 1273 delet
393 1247 402 1272 :
428 1247 481 1273 ne
512 1239 587 1273 aut
620 1230 837 1289 scriptura
869 1231 960 1273 sine
988 1231 1177 1290 tegmine
1197 1231 1412 1291 judicium

38 1308 180 1364 daret,
204 1319 278 1352 aut
301 1325 451 1352 recens
473 1325 570 1352 cera
593 1307 743 1351 dolum
768 1308 973 1368 proderet
989 1326 998 1351 ι
1014 1309 1102 1352 fido
1119 1310 1273 1353 deinde
1289 1327 1413 1354 servo

36 1388 317 1448 perferendas
332 1388 483 1444 tradit,
495 1389 639 1448 jusso,
655 1388 984 1448 magistratibus
999 1389 1315 1448 Spartanorum
1332 1400 1413 1433 tra-

15 1466 154 1529 ¹dere.
184 1467 358 1523 Quibus
390 1466 593 1527 perlatis,
628 1466 939 1510 Lacedaemone
976 1468 1203 1526 quaestioni
1241 1485 1309 1512 res
1339 1468 1412 1512 diu

35 1545 119 1589 fuit
135 1580 145 1600 ,
172 1546 289 1605 quod
312 1562 453 1605 neque
480 1547 691 1606 scriptum
714 1545 881 1605 aliquid
903 1546 1128 1602 viderent,
1148 1563 1228 1590 nec
1251 1547 1413 1592 frustra

37 1626 188 1668 missas
224 1626 581 1685 suspicarentur,
616 1634 825 1684 tantoque
853 1641 944 1668 rem
977 1626 1211 1685 majorem,
1250 1637 1413 1686 quanto

35 1705 92 1746 sit
115 1703 348 1760 occultior,
377 1704 606 1764 putabant.
630 1704 907 1747 Haerentibus
934 1704 979 1746 in
1010 1705 1262 1764 conjectura
1285 1707 1412 1762 viris,

37 1799 161 1826 soror
188 1784 300 1843 regis
330 1783 535 1826 Leonidae
558 1781 788 1826 consilium
812 1782 1042 1826 scribentis
1069 1785 1249 1827 invenit.
1280 1786 1414 1829 Erasa

35 1863 171 1923 igitur
199 1878 314 1919 cera,
344 1861 447 1906 belli
475 1861 656 1906 consilia
685 1862 963 1923 deteguntur.
992 1866 1087 1907 Jam
1117 1866 1285 1907 Xerxes
1321 1881 1415 1925 sep—

35 1942 234 2002 tingenta
256 1940 393 1985 millia
417 1941 469 1985 de
489 1958 626 2002 regno
647 1951 911 1997 armaverat,
933 1952 976 1985 et
993 1952 1188 1986 trecenta
1209 1941 1344 1986 millia
1363 1943 1415 1987 de

35 2019 205 2064 auxiliis
231 2038 239 2063 :
265 2030 314 2064 ut
336 2037 424 2064 non
447 2022 667 2065 immerito
687 2021 915 2082 proditum
931 2022 1004 2078 sit,
1021 2021 1202 2066 flumina
1222 2023 1275 2065 ab
1297 2039 1416 2066 exer-

34 2101 124 2143 citu
153 2101 244 2160 ejus
266 2101 444 2157 siccata,
467 2101 770 2160 Graeciamque
793 2116 967 2145 omnem
988 2102 1060 2144 vix
1084 2117 1238 2161 capere
1254 2102 1416 2145 exerci-

35 2189 129 2222 tum
152 2180 245 2239 ejus
267 2181 474 2240 potuisse.
494 2181 638 2224 Naves
667 2196 841 2240 quoque
861 2179 979 2223 mille
998 2180 1207 2223 ducentas
1232 2197 1414 2224 numero

35 2259 237 2302 habuisse
257 2259 431 2303 dicitur.
454 2261 568 2303 Huic
584 2269 706 2303 tanto
728 2261 891 2320 agmini
912 2259 1000 2303 dux
1017 2259 1167 2302 defuit.
1186 2260 1414 2314 Ceterum,

35 2339 71 2381 si
100 2354 247 2399 regem
275 2349 460 2399 spectes,
489 2338 689 2395 divitias,
721 2356 810 2382 non
840 2339 996 2382 ducem
1020 2337 1168 2382 laudes
1193 2355 1201 2381 :
1228 2354 1413 2397 quarum

36 2427 156 2461 tanta
183 2417 309 2478 copia
332 2419 376 2460 in
397 2435 533 2479 regno
556 2420 648 2479 ejus
673 2418 782 2475 fuit,
803 2428 876 2475 ut,
903 2433 1040 2478 quum
1067 2418 1243 2461 flumina
1269 2417 1414 2461 multi-

34 2497 186 2541 tudine
217 2509 605 2555 consumerentur,
641 2515 745 2558 opes
780 2508 925 2542 tamen
959 2499 1088 2559 regiae
1125 2507 1412 2558 superessent.

33 2579 133 2637 Ipse
155 2587 301 2621 autem
331 2578 498 2637 primus
527 2579 571 2620 in
598 2577 719 2637 fuga,
750 2587 996 2637 postremus
1026 2579 1069 2621 in
1094 2575 1273 2637 proelio,
1307 2591 1416 2618 sem-

34 2672 111 2716 per
131 2658 249 2700 visus
269 2666 360 2710 est3
386 2659 426 2699 in
454 2655 658 2716 periculis
682 2657 881 2712 timidus,
906 2657 1043 2700 sicubi
1069 2666 1209 2699 metus
1226 2655 1413 2709 abesset,
