1783 3282
462 203 807 238 HISTORIARUM
836 204 925 238 LIB.
948 205 994 238 V.
1368 202 1414 248 59

49 297 107 330 tes
131 285 298 330 exsules
321 286 510 345 recipere
536 284 933 344 prohibebantur);
961 301 1109 328 omnes
1139 302 1182 329 se
1206 288 1346 345 Argos
1374 295 1413 327 ct

45 366 213 409 Thebas
245 363 483 408 contulere.
518 363 585 406 Ibi
620 379 707 406 non
742 361 882 406 solum
917 371 1061 405 tutum
1093 362 1290 407 exsilium
1317 380 1416 424 ege—

44 453 174 497 runt,
199 459 350 486 verum
385 443 514 485 etiam
554 458 675 501 spem
717 440 1023 501 recuperandae
1059 441 1209 500 patriae
1244 457 1416 502 recepe-

43 531 160 565 runt.
189 524 295 565 Erat
329 522 444 564 inter
481 519 646 564 exsules
674 519 991 580 Thrasybulus,
1016 519 1082 562 vir
1116 527 1340 574 strenuus,
1374 530 1415 563 et

44 600 161 643 domi
194 599 376 655 nobilis,
399 601 474 660 qui
499 599 749 643 audendum
781 598 945 659 aliquid
978 614 1058 658 pro
1087 598 1228 658 patria
1261 607 1304 640 et
1335 614 1415 657 pro

44 677 182 722 salute
219 680 465 734 communi,
486 680 617 722 etiam
659 694 759 722 cum
791 676 1007 737 pericuIO,
1042 687 1188 732 ratus,
1217 676 1416 720 adunatis

45 756 285 813 exsulibus,
312 756 536 800 castellum
558 755 724 816 Phylen
749 757 997 800 Atticorum
1020 756 1173 799 finium
1197 765 1383 815 occupat
1407 773 1414 797 :

43 852 122 878 nec
157 835 305 877 deerat
339 834 628 894 quarumdam
662 835 908 891 civitatum,
938 844 1027 878 tam
1063 833 1258 878 crudeles
1295 850 1416 877 casus·

43 914 343 957 miserantium
356 946 367 968 ,
387 913 522 957 favor.
543 915 697 973 Itaque
718 914 944 968 Ismenias,
964 913 1274 956 Thebanorum
1298 914 1417 973 prin-

42 1008 162 1052 ceps,
187 992 266 1035 etsi
298 991 480 1052 publicis
515 1008 604 1035 non
634 1000 824 1052 poterat,
851 992 1032 1051 privatis
1073 1001 1218 1036 tamen
1251 992 1417 1036 viribus

43 1069 278 1131 adjuvabat
305 1087 313 1113 :
340 1081 381 1114 et
414 1071 564 1130 Lysias
599 1072 893 1130 Syracusanus
931 1080 1095 1125 orator,
1133 1070 1252 1114 exsul
1290 1080 1416 1126 tunc,

42 1149 306 1209 quingentos
339 1148 525 1205 milites,
551 1149 767 1209 stipendio
803 1165 881 1192 suo
919 1150 1181 1204 instructos,
1217 1150 1262 1192 in
1299 1150 1418 1193 auxi-

44 1227 153 1271 lium
187 1230 336 1288 patriae
367 1228 610 1272 communis
638 1227 897 1286 eloquentiae
927 1228 1057 1271 misit.
1086 1228 1155 1271 Fit
1180 1229 1326 1287 itaque
1354 1244 1418 1270 as-

42 1323 198 1367 perum
221 1306 437 1368 proelium.
468 1306 574 1362 Sed,
598 1322 734 1367 quum
757 1307 860 1350 hinc
887 1323 966 1367 pro
989 1308 1129 1367 patria
1155 1308 1334 1350 summis
1358 1308 1418 1348 vi-

42 1386 184 1442 ribus,
216 1386 318 1429 inde
339 1403 418 1447 pro
438 1384 578 1429 aliena
597 1386 896 1429 dominatione
917 1387 1111 1429 securius
1130 1394 1416 1446 pugnaretur,

42 1467 215 1525 tyranni
255 1466 494 1509 vincuntur
529 1482 539 1508 :
571 1466 674 1508 victi
714 1466 758 1508 in
804 1465 956 1508 urbem
991 1465 1238 1526 refugiunt,
1263 1481 1417 1524 quam,

42 1544 295 1588 exhaustam
319 1544 525 1600 caedibus,
549 1545 636 1588 suis
665 1546 795 1587 etiam
830 1545 960 1587 armis
995 1543 1198 1603 spoliant.
1224 1543 1416 1597 Deinde,

43 1639 178 1682 quum
216 1640 367 1666 omnes
404 1623 692 1667 Athenienses
727 1623 987 1682 proditionis
1027 1633 1246 1682 suspectos
1286 1623 1418 1666 habe-

44 1712 166 1758 rent,
207 1702 450 1763 demigrare
489 1718 561 1745 eos
604 1718 655 1744 ex
693 1702 800 1744 urbe
839 1702 1022 1761 jubent,
1063 1711 1105 1744 et
1143 1702 1187 1744 in
1229 1701 1417 1744 brachiis

44 1782 177 1837 muri,
200 1798 295 1841 quae
318 1782 464 1824 diruta
497 1781 688 1836 fuerant,
717 1779 936 1836 habitare,
958 1781 1173 1824 extraneis
1207 1779 1417 1823 militibus

43 1860 274 1920 imperium
305 1869 486 1904 tuentes.
519 1861 622 1903 Post
652 1860 742 1902 haec
763 1858 1085 1919 Thrasybulum
1113 1876 1417 1919 corrumpere,

42 1940 213 1999 imperii
257 1939 504 1982 societatem
540 1937 815 1998 pollicentes,
848 1948 1077 1982 conantur.
1111 1938 1244 1995 Quod
1281 1955 1415 1998 quum

44 2035 132 2061 non
154 2018 425 2078 contigisset,
450 2017 610 2061 auxilia
638 2034 662 2060 a
688 2017 1028 2061 Lacedaemoniis
1063 2019 1255 2078 petivere
1285 2035 1292 2060 :
1322 2019 1418 2077 qui—

41 2098 121 2140 bus
161 2097 329 2152 accitis,
359 2098 514 2140 iterato
557 2095 827 2157 proeliantur.
866 2099 918 2140 In
954 2114 1005 2140 eo
1039 2096 1153 2140 bello
1184 2097 1343 2140 Critias
1377 2106 1417 2139 et

44 2174 342 2236 Hippolochus
358 2211 369 2231 ,
387 2177 586 2220 omnium
605 2186 893 2236 tyrannorum
914 2176 1157 2231 saevissimi,
1175 2176 1351 2219 cadunt.

106 2258 160 2300 X.
191 2256 357 2300 Ceteris
388 2256 536 2312 victis,
563 2271 698 2316 quum
731 2256 945 2299 exercitus
973 2271 1144 2311 eorum,
1178 2272 1229 2299 ex
1262 2256 1418 2316 quibus

42 2335 181 2394 major
221 2350 319 2394 pars
353 2335 688 2379 Atheniensium
732 2344 848 2391 erat,
886 2334 1077 2395 fugeret,
1116 2350 1274 2395 magna
1314 2352 1418 2378 voce

40 2412 338 2474 Thrasybulus
372 2413 608 2469 exclamat,
641 2433 660 2455 «
683 2415 775 2458 Cur
811 2431 855 2458 se
892 2415 1101 2457 victorem
1140 2414 1310 2475 fugiant
1344 2431 1419 2474 po—

44 2494 146 2549 tius,
171 2508 301 2553 quam
325 2502 375 2535 ut
406 2492 620 2536 vindicem
654 2494 900 2538 communis
932 2493 1144 2537 libertatis
1180 2493 1419 2553 adjuvent?

44 2574 216 2617 Civium
243 2570 359 2615 illam
386 2572 663 2615 meminerint
685 2572 839 2628 aciem,
865 2589 952 2615 non
981 2573 1174 2616 hostium
1199 2589 1310 2620 essm
1340 2590 1418 2615 nec
