1783 3282
450 230 797 264 HISTORIARUM
826 232 915 265 LIB.
942 233 1024 266 XII.
1354 235 1421 269 113

55 311 439 369 Parapammenos,
480 311 715 370 AdaspiOS,
742 321 994 371 ceterosque
1035 315 1240 373 populos,
1270 318 1344 376 qui
1380 319 1422 359 in

55 388 200 431 radice
237 390 420 432 Caucasi
454 390 758 445 morabantur,
796 391 980 450 subegit.
1017 394 1186 435 Interea
1222 411 1333 438 unus
1374 412 1425 438 cx

54 467 203 510 amicis
227 467 350 509 Darii
379 469 556 522 Bessus,
581 469 750 512 vinctus
774 469 1052 529 perducitur,
1074 471 1148 528 qui
1170 488 1312 531 regem
1336 491 1425 517 non

55 544 193 588 solum
224 545 499 604 prodiderat,
535 564 685 590 verum
716 557 757 591 et
787 548 1078 591 interfecerat.
1115 549 1260 604 Quem
1296 553 1338 594 in
1363 553 1427 596 ul-

58 624 221 667 tionem
252 624 442 684 perfidiae
470 626 810 670 excruciandum
842 627 964 669 fratri
990 627 1115 670 Darii
1142 627 1339 684 tradidit3
1364 649 1429 674 re-

59 711 238 762 putans,
257 720 345 746 non
368 713 454 746 tam
470 704 639 747 hostem
654 721 781 747 suum
803 705 933 748 fuisse
951 707 1137 749 Darium
1153 740 1164 761 ,
1183 723 1312 765 quam
1331 711 1430 752 ami-

59 798 158 825 cum
184 783 295 842 ejus,
319 799 343 825 a
375 799 461 841 quo
494 792 604 825 esset
639 784 819 826 occisus.
847 786 903 827 Et
933 793 977 827 ut
1012 785 1078 828 his
1113 787 1239 829 terris
1270 803 1429 830 nomen

59 860 343 920 relinqueret,
374 861 528 904 urbem
558 861 865 905 Alexandriam
897 880 1027 922 super
1061 881 1233 907 amnem
1262 868 1430 910 Tanain

61 938 282 994 condidit,
309 940 423 982 intra
454 940 568 983 diem
601 942 836 1001 septimum
868 942 1086 986 decimum
1112 960 1238 986 muro
1264 961 1305 989 Π
1336 945 1432 988 mil-

61 1017 167 1061 lium
201 1035 404 1078 passuum
431 1030 750 1075 consummato,
780 1020 1001 1064 translatis
1028 1038 1078 1064 eo
1114 1024 1244 1065 trium
1280 1024 1431 1067 civita-

63 1105 154 1138 tum
178 1097 371 1157 populis,
397 1115 502 1158 quas
526 1101 667 1158 Cyrus
690 1099 957 1143 condiderat.
982 1103 1033 1144 In
1057 1104 1297 1146 Bactrianis
1323 1120 1432 1164 quo-

66 1196 148 1238 que
179 1177 495 1239 Sogdianisque
530 1196 597 1223 XII
632 1181 761 1223 urbes
799 1180 1013 1236 condidit,
1056 1181 1297 1224 distributis
1339 1182 1432 1236 his,

66 1275 347 1318 quoscunque
376 1261 419 1301 in
444 1260 636 1302 exercitu
661 1259 885 1302 seditiosos
907 1259 1106 1302 habebat.

125 1339 200 1380 VI.
230 1340 306 1381 His
336 1340 394 1381 ita
428 1339 577 1398 gestis,
607 1337 776 1381 solenni
814 1338 883 1381 die
917 1339 1078 1381 amicos
1108 1339 1152 1381 in
1184 1340 1432 1383 convivium

64 1425 188 1460 vocat
215 1433 223 1459 z
251 1417 322 1458 ubi
346 1426 440 1459 orta
461 1418 574 1460 inter
597 1417 740 1460 ebrios
767 1434 914 1460 rerum
936 1434 960 1460 a
987 1417 1192 1477 Philippo
1215 1428 1433 1478 gestarum

65 1496 306 1551 mentione,
327 1495 529 1555 praeferre
553 1513 595 1539 se
622 1498 734 1556 patri
755 1498 863 1556 ipse,
889 1514 1122 1556 rerumque
1147 1514 1323 1540 suarum
1343 1516 1435 1542 ma-

66 1574 338 1635 gnitudinem
370 1574 576 1618 extollere
604 1574 710 1618 coelo
738 1585 862 1618 tenus
892 1577 1039 1635 coepit,
1069 1586 1316 1620 assentante
1347 1594 1435 1620 ma-

61 1656 157 1715 jore
192 1655 477 1698 convivarum
513 1664 651 1714 parte.
680 1656 856 1713 Itaque,
891 1671 1025 1713 quum
1060 1671 1171 1698 unus
1205 1672 1228 1698 e
1261 1657 1435 1699 senibus

67 1734 230 1789 Clitus,
260 1734 417 1777 fiducia
449 1735 648 1777 amicitiae
682 1735 829 1793 regiae,
858 1735 980 1793 cujus
1014 1732 1204 1793 palmam
1241 1735 1437 1789 tenebat,

67 1814 325 1858 memoriam
345 1812 538 1873 Philippi
557 1823 772 1867 tueretur,
793 1811 1078 1872 laudaretque
1096 1813 1186 1872 ejus
1200 1830 1267 1856 res
1283 1823 1437 1873 gestaS,

68 1892 175 1936 adeo
200 1909 346 1953 regem
371 1891 575 1948 offendit,
602 1902 667 1947 ut,
697 1891 783 1934 telo
814 1908 835 1934 a
868 1891 1051 1935 satellite
1075 1900 1224 1951 rapto,
1252 1893 1439 1936 eundem

69 1973 113 2015 in
149 1972 351 2015 convivio
380 1971 677 2015 trucidaverit.
708 1972 808 2027 Qua
842 1971 955 2013 caede
989 1969 1229 2026 exsultans,
1266 1981 1439 2015 mortuo

69 2052 363 2112 patrocinium
386 2050 602 2111 Philippi,
628 2049 888 2110 laudemque
912 2060 1103 2109 paternae
1122 2049 1285 2094 militiae
1305 2050 1441 2110 objec-

70 2131 202 2174 tabat.
226 2133 463 2189 Postquam
487 2130 668 2172 satiatus
695 2128 809 2172 caede
834 2129 1004 2171 animus
1032 2129 1309 2188 conquievit,
1331 2138 1372 2172 et
1396 2131 1440 2172 in

72 2211 144 2252 irae
171 2209 315 2253 locum
351 2210 557 2252 successit
582 2209 830 2261 aestimatio,
862 2208 992 2251 modo
1029 2224 1260 2267 personam
1291 2210 1442 2266 occisi,

72 2289 203 2332 modo
231 2305 403 2332 causam
435 2287 663 2332 occidendi
694 2286 997 2343 considerans,
1027 2289 1174 2347 pigere
1209 2304 1308 2330 eum
1341 2288 1442 2332 facti

74 2370 203 2427 coepit
228 2386 235 2409 :
263 2369 424 2427 quippe
452 2378 654 2427 paternas
686 2366 836 2410 laudes
872 2376 958 2409 tam
989 2366 1198 2409 iracunde
1227 2368 1445 2426 accepisse

74 2464 136 2503 se,
161 2463 290 2506 quam
322 2462 402 2488 nec
428 2447 624 2489 convicia
648 2446 884 2499 debuisset3
919 2447 1194 2505 amicumque
1226 2462 1370 2489 senem
1406 2455 1448 2489 et

75 2526 325 2580 innoxium,
351 2542 372 2567 a
401 2541 444 2567 se
477 2526 670 2568 occisum
690 2526 804 2568 inter
828 2524 978 2585 epulas
998 2534 1040 2568 et
1061 2523 1238 2584 pocula,
1260 2523 1446 2568 dolebat.

76 2604 238 2648 Eodem
277 2604 412 2663 igitur
449 2603 596 2646 furore
635 2604 679 2645 in
718 2604 1041 2663 poenitentiam,
1081 2620 1168 2663 quo
1201 2603 1371 2663 pridem
1405 2604 1447 2645 in

270 2703 295 2727 ι.
1200 2683 1225 2725 8
