1783 3282
299 262 371 284 220
763 251 909 286 NOTAE
939 249 991 283 IN
1023 250 1212 284 JUSTIM

297 334 384 375 lice,
409 345 463 376 11,
492 338 531 376 4,
559 334 831 380 193TA01TUs‚
860 335 976 374 Hist„
999 345 1055 375 11,
1080 344 1145 375 72,
1172 339 1206 366 et
1227 345 1284 375 IV,
1316 333 1671 376 113CAP1TOL1NUS‚

298 394 334 426 in
354 394 544 437 Macrino,
564 405 642 440 cap.
669 406 724 429 12.

348 454 432 489 CAP.
450 455 511 489 IV.
545 455 702 489 Uticam.
737 457 858 496 Utica,
883 453 1018 488 Graecis
1045 453 1179 499 Ithyca
1205 455 1264 488 vel
1282 457 1409 499 Ityca,
1434 468 1504 502 pro
1530 463 1673 504 Εὐτύχῃ,

296 516 398 549 Bona
418 516 597 560 Fortuna,
613 529 693 563 quae
706 518 834 550 Romae
852 516 891 548 in
910 512 1095 561 Capitolio
1116 515 1212 548 culta
1230 515 1315 558 fuit,
1327 515 1415 550 dum
1429 518 1527 551 Mala
1554 530 1672 551 econ--

295 583 352 611 tra
380 576 419 610 in
443 577 615 624 Esquiliis
639 578 822 612 coleretur
845 589 852 609 2
883 575 929 610 de
950 576 1018 609 hac
1045 575 1194 619 Cicero,
1214 575 1260 610 de
1287 575 1350 610 illa
1372 577 1512 612 Plinius
1536 579 1673 612 merui*

295 649 385 672 nere
406 651 414 672 :
439 638 515 673 haec
534 650 649 684 graece
670 643 766 678 Κακὴ
789 643 875 685 Τύχη
898 637 959 671 vel
984 643 1090 677 Φαύλη
1111 643 1217 685 Τύχῃ
1239 637 1302 671 illa
1319 644 1443 687 Εὐτὺχη
1459 670 1466 684 ‚
1485 640 1544 673 vel
1573 640 1674 685 quod

295 698 411 745 magis
431 706 507 733 erat
531 698 571 732 in
596 711 682 741 usu,
702 697 813 747 Ᾱγαθῆ
833 704 937 747 Τύχη,
963 705 1002 732 ut
1023 698 1063 732 in
1092 697 1240 732 Cebetis
1259 699 1385 733 tabula
1404 699 1563 734 videtur.
1587 700 1675 735 Haee

296 766 332 794 et
350 772 538 808 prospera
569 759 685 803 dicta,
715 766 751 794 et
776 760 957 802 secunda,
988 766 1024 793 et
1043 761 1152 801 loeta,
1172 766 1211 793 ut
1237 759 1302 794 illa
1323 760 1449 802 tristis,
1475 761 1620 795 sinistra
1640 769 1675 795 et

297 823 403 855 loeva.
423 822 549 872 Ᾰγαθῆς
567 828 669 870 Τύχης
687 827 805 856 statua
824 820 976 855 Athenis
997 821 1064 854 fuit
1077 820 1177 867 apud
1194 822 1435 867 Prytaneuin‚
1451 833 1562 867 quam
1581 821 1674 856 ado—

297 883 435 916 lescens
455 882 649 929 deperibat
671 882 782 925 adeo,
812 889 850 915 ut
875 893 919 916 eo
944 881 1093 916 demum
1116 881 1272 916 vesaniae
1292 882 1524 928 pervenerit,
1545 890 1583 916 ut
1603 883 1675 917 sibi

297 943 367 988 ipsi
392 955 541 977 manum
568 943 801 977 consciverit.
828 942 1011 989 Gyraldus
1036 942 1131 976 vidit
1151 943 1340 989 antiquam
1369 944 1481 978 Bonae
1505 945 1676 978 Fortunae

296 1004 495 1050 imaginem
521 1017 603 1038 cum
621 1004 690 1039 hac
716 1003 960 1050 inscriptione
984 1016 991 1037 z
1016 1012 1182 1041 APAOHI
1199 1012 1341 1042 ΤΥΧΗΙ.
1360 1004 1460 1050 Ergo
1485 1005 1585 1039 Utica
1605 1018 1676 1052 pro

297 1064 481 1110 Eucyclza.
515 1065 722 1111 Stephanus
754 1064 901 1100 Uticam
936 1064 1065 1098 scribit
1107 1064 1305 1111 Tyriorum
1335 1065 1523 1099 coloniam
1546 1066 1677 1106 fuisse,

298 1125 399 1171 quod
427 1133 462 1160 et
481 1126 644 1160 Justinus
670 1124 839 1161 affirmat.
868 1126 991 1169 Quum
1017 1132 1051 1159 et
1080 1125 1213 1171 opibus
1245 1133 1280 1159 et
1310 1125 1546 1161 multitudine
1577 1127 1678 1173 Tyrii

298 1186 552 1230 abundarent,
574 1186 684 1222 missa
703 1187 743 1221 in
766 1187 925 1221 Africam
947 1187 1161 1233 juventute,
1185 1187 1330 1221 Uticam
1358 1187 1573 1222 condidere.
1598 1188 1676 1223 Ita—

298 1259 369 1293 que
410 1247 455 1282 de
491 1248 709 1295 antiquitate
740 1248 971 1295 gloriabatur
1004 1261 1081 1282 non
1116 1260 1262 1294 parum,
1285 1249 1373 1295 quin
1400 1256 1435 1283 et
1459 1261 1502 1283 eo
1526 1250 1679 1285 nomine

300 1309 515 1356 Carthagini
533 1310 808 1356 praeferebatur.
830 1310 939 1344 Silius
960 1310 1039 1344 Ital.
1052 1336 1062 1353 ‚
1083 1309 1146 1343 lib.
1165 1322 1218 1343 111
1241 1323 1248 1343 ι

532 1401 676 1432 Proxima
694 1401 828 1432 Sidoniis
846 1402 939 1431 Utica
956 1407 1001 1432 est
1019 1400 1114 1431 effusa
1132 1400 1289 1443 maniplis,

532 1458 635 1490 Prisca
650 1458 709 1490 situ
720 1483 728 1495 ,
748 1459 921 1500 veterisque
936 1465 1007 1489 ante
1021 1469 1105 1489 arces
1122 1458 1247 1490 condita
1262 1461 1373 1500 Byrsae.

302 1551 501 1597 Sexaginta
533 1559 655 1586 autem
681 1552 807 1586 stadiis
840 1564 860 1586 a
891 1553 1115 1599 Carthagine
1150 1552 1328 1596 distabat,
1355 1561 1394 1587 ut
1425 1560 1578 1589 testatur
1596 1558 1679 1603 Ap-

300 1612 450 1658 pianus‚
470 1625 604 1660 nempe
624 1626 749 1648 versus
775 1626 955 1649 occasum.
983 1614 1107 1649 Hodie
1135 1616 1280 1657 Satcor,
1312 1627 1358 1649 ex
1391 1616 1444 1650 Cl.
1471 1617 1681 1661 D'Anville,

301 1681 466 1709 vocatur.

354 1737 436 1770 Rex
461 1738 563 1780 Tyro.
593 1737 635 1771 Id
660 1745 713 1772 est
733 1738 841 1785 Tyri,
862 1745 900 1772 ut
923 1750 992 1780 xx,
1014 1751 1086 1782 111,
1109 1737 1288 1773 Corintho.
1317 1739 1362 1772 In
1383 1751 1466 1774 mss.
1492 1740 1682 1786 legebatur

305 1811 370 1832 rea·
383 1798 506 1833 Multo
524 1800 637 1845 Tyro,
653 1806 687 1834 et
707 1800 871 1834 Joannes
885 1800 1140 1835 Gerundensis
1155 1801 1366 1847 episcopus,
1384 1801 1423 1835 in
1440 1802 1570 1835 Paral.
1589 1803 1681 1836 Hc'st.

304 1861 542 1907 Hispmzicoe,
568 1861 655 1894 citat
677 1874 684 1894 :
705 1862 849 1896 interim
868 1874 934 1895 rex
953 1863 1080 1896 Macco
1110 1863 1207 1908 Tyro
1230 1863 1380 1897 decedit.
1402 1865 1511 1897 Putat
1529 1864 1681 1897 Vossius

303 1921 540 1956 scribendum
559 1934 628 1955 rea:
654 1922 782 1970 ΔΜιιῑὶςνο
814 1923 918 1968 Tyro.
943 1923 1074 1969 Mutgo
1095 1923 1302 1968 appellatur
1320 1923 1381 1957 hjc
1398 1931 1505 1969 pater
1526 1926 1684 1970 Pygma—

304 1983 432 2027 lionis,
455 1996 563 2030 quem
588 1984 770 2030 Josephus
791 1985 1033 2031 Mutgonum,
1057 1983 1119 2018 alii
1140 1985 1358 2031 stlatgenum
1382 1992 1529 2019 vocant.
1552 1992 1682 2025 Μέττγρι

304 2045 333 2079 is
356 2052 409 2079 est
422 2045 653 2092 Theophilo,
677 2046 741 2080 lib.
765 2058 814 2079 111
835 2045 883 2080 ad
902 2046 1142 2092 Autolycmn3
1163 2046 1244 2081 aliis
1260 2046 1439 2080 Mettinus
1450 2073 1462 2089 ,
1489 2047 1654 2081 Mutines
1674 2060 1683 2079 .-

305 2106 466 2141 Methres
485 2119 575 2142 vero
599 2114 653 2141 est
675 2107 818 2141 Servio.

359 2170 615 2217 Pygmalione.
636 2168 876 2215 Pygmalion,
898 2181 919 2203 a
942 2175 1045 2218 πυγή,
1066 2169 1206 2210 clunes,
1227 2174 1261 2202 et
1283 2174 1396 2218 μαλός,
1419 2168 1587 2211 villosus,
1609 2179 1687 2217 μετ).Ἴ

304 2239 371 2276 χες,
390 2231 527 2274 vellus,
546 2230 646 2264 idem
667 2237 719 2264 est
739 2242 780 2264 ac
798 2230 976 2265 Hercules
996 2236 1215 2280 Μελάμπυγος
1229 2262 1237 2275 ‚
1257 2229 1311 2263 cui
1333 2236 1416 2263 sunt
1436 2229 1550 2276 nigrae
1570 2236 1684 2263 nates.

360 2292 500 2326 Elissa.
525 2291 684 2338 Virgilio
704 2298 757 2326 est
782 2293 892 2326 Dido.
915 2308 929 2322 «
952 2291 1071 2334 Dido,
1092 2291 1214 2337 inquit
1235 2291 1404 2334 Servius,
1419 2303 1509 2325 vero
1532 2291 1684 2326 nomine

308 2356 433 2389 Elissa
454 2361 562 2389 antea
586 2353 683 2388 dicta
703 2361 778 2397 est;
797 2353 863 2387 sed
882 2360 968 2400 post
992 2352 1181 2387 interitum
1201 2366 1221 2387 a
1241 2353 1362 2387 Poenis
1383 2354 1482 2387 Dido
1501 2353 1684 2399 appellata

306 2417 390 2460 fuit,
414 2416 454 2451 id
474 2423 527 2451 est
557 2416 716 2463 Virago,
747 2415 880 2462 punica
905 2415 1040 2461 lingua.
1061 2430 1075 2444 υ
1103 2416 1250 2449 Nomen
1273 2415 1350 2460 ejus
1372 2415 1493 2449 adhuc
1518 2417 1685 2449 Graecum

308 2485 382 2521 est,
409 2477 667 2524 originemque
685 2477 798 2510 habet
823 2476 870 2510 ab
892 2482 994 2521 ἀλύω,
1021 2488 1124 2519 erro,
1150 2475 1268 2522 fugi0‚
1296 2482 1403 2519 ἅλυσις
1427 2483 1488 2510 aut
1514 2482 1600 2521 ἄλης,
1625 2487 1685 2509 er-

308 2540 422 2582 ratio,
448 2544 527 2581 §iz-n,
551 2551 673 2579 error,
694 2543 793 2575 ἀλεὺω
819 2538 877 2571 vel
900 2544 999 2582 ἀλέω,
1024 2537 1121 2579 vito,
1145 2537 1264 2583 fugio,
1290 2543 1404 2586 ἄλ-ημι,
1425 2549 1508 2571 erro
1522 2563 1530 2579 ,
1551 2547 1688 2581 vagor,

311 2600 411 2647 qnod
432 2606 485 2633 est
508 2598 747 2641 Errabunda,
767 2598 856 2632 sicut
884 2601 1001 2645 Agar,
1023 2598 1238 2644 Peregrina,
1258 2598 1440 2632 hebraice.
1463 2598 1561 2631 Dido
1580 2609 1688 2637 vero,

312 2674 390 2708 qnae
418 2660 546 2709 primis
574 2660 710 2706 nuptiis
745 2659 918 2706 {sedisque
953 2659 1161 2694 infelicibus
1199 2659 1360 2702 Sichaeo,
1385 2657 1551 2692 Herculi>
1572 2671 1687 2692 sacer-
