1783 3282
516 269 869 305 HISTORIARUM
902 271 992 303 LIB.
1022 271 1126 305 XXI.
1432 270 1496 303 181

141 372 189 397 ex
215 353 371 413 quibus
399 362 513 395 sorte
542 352 680 395 ductae
709 361 905 405 centum,
922 361 1024 393 voto
1046 351 1220 410 publico
1238 352 1500 401 fumantum

1320 386 1343 411 Ὁ

140 433 446 493 religionisque
471 433 627 492 gralia,
643 447 730 474 uno
751 439 866 473 stent
888 431 931 472 in
952 428 1152 488 lupanari
1179 446 1322 472 mense
1337 464 1346 484 ,
1361 431 1501 472 omni-

139 513 218 554 bus
233 512 500 570 antejuratis
516 512 697 566 viris,ne
715 510 811 569 quis
826 507 957 551 ullam
976 508 1337 562 attaminet.Quae
1354 525 1419 550 rcs
1445 525 1498 550 nc

140 591 406 650 virginibus,
424 599 524 633 voto
549 590 770 633 civitatem
796 587 1085 639 solventibus,
1110 584 1252 628 fraudi
1279 597 1406 641 essct,
1432 586 1503 628 de-

141 678 308 712 cretum
338 670 550 724 facerent,
578 685 630 711 ne
657 685 742 728 qua
767 669 890 728 virgo
905 667 1089 710 nuberet
1114 665 1403 724 priUS,quam
1423 665 1502 707 illae

141 749 304 792 maritis
333 748 658 791 traderentur.»
685 748 876 790 Probato
890 744 1092 800 consilio,
1118 760 1206 803 quo
1231 752 1274 786 et
1300 745 1507 803 supersti-

142 828 246 870 tioni
268 837 309 870 et
333 827 548 887 pudicitiae
573 826 793 886 virginum
826 823 1159 879 consulebatur,
1185 823 1382 866 certatim
1416 839 1506 864 om-

141 922 214 949 nes
257 906 423 949 feminae
459 905 695 965 impensius
727 913 963 960 exornatae,
997 905 1041 946 in
1080 902 1292 962 templum
1322 902 1506 945 Veneris

139 986 404 1028 conveniunt
423 1001 431 1027 :
452 1001 558 1043 quas
579 1000 728 1027 omnes
756 983 990 1043 Dionysius
1006 1017 1017 1039 ,
1043 982 1244 1025 immissis
1271 981 1482 1024 militibus
1496 1015 1507 1034 ,

139 1064 314 1124 spoliat,
357 1073 701 1123 ornamentaque
737 1073 1038 1106 matronarum
1076 1062 1119 1104 in
1155 1061 1345 1121 praedam
1386 1076 1507 1103 suam

139 1146 280 1190 vertit.
322 1145 625 1202 Quarumdam
659 1145 775 1187 viros
814 1143 992 1186 ditiores
1028 1142 1257 1198 interficit,
1295 1141 1505 1202 quasdam

139 1224 192 1267 ad
217 1224 461 1284 prodendas
491 1225 687 1267 virorum
713 1223 919 1283 pecunias
942 1231 1130 1280 torquet.
1157 1223 1307 1278 Quum
1336 1221 1402 1264 his
1438 1238 1507 1264 ar-

140 1304 255 1346 tibus
284 1320 361 1364 per
386 1319 521 1346 annos
545 1319 616 1345 sex
641 1311 884 1362 regnasset,
912 1301 1235 1360 conspiratione
1259 1302 1505 1343 Locrorum

139 1383 313 1425 civitate
341 1381 517 1442 pulsus,
549 1382 594 1424 iu
621 1380 813 1424 Siciliam
840 1380 964 1423 redit.
991 1379 1056 1422 Ibi
1088 1381 1319 1439 Syracusas
1348 1380 1508 1423 securis

139 1461 359 1512 omnibus,
386 1469 480 1521 post
500 1459 674 1520 longam
699 1458 1067 1518 intercapedinem
1092 1459 1234 1517 pacis,
1261 1474 1336 1517 per
1363 1458 1510 1518 prodi-

139 1543 299 1584 tionem
326 1542 503 1601 recepit.

202 1623 277 1665 IV.
308 1623 427 1665 Dum
452 1621 543 1664 haec
579 1622 621 1664 in
654 1621 800 1664 Sicilia
828 1629 1062 1681 geruntur,
1089 1621 1262 1663 interim
1295 1621 1339 1662 in
1365 1620 1508 1664 Africa

138 1702 338 1761 princeps
376 1701 810 1761 Carthaginiensium
848 1702 1006 1743 Hanno
1038 1716 1143 1760 opes
1180 1716 1307 1753 suas,
1352 1699 1508 1758 quibus

138 1782 250 1824 vires
274 1780 523 1841 reipublicae
548 1781 805 1841 superabat,
832 1779 886 1823 ad
911 1780 1210 1839 occupandam
1243 1778 1506 1822 dominatio—

138 1878 237 1904 nem
270 1861 482 1915 intendit,
514 1877 785 1921 regnumque
818 1860 1044 1916 invadere,
1072 1858 1300 1902 interfecto
1330 1868 1480 1901 senatu
1498 1893 1508 1911 ‚

138 1950 320 1984 conatus
346 1950 423 1983 est.
450 1941 534 1984 Cui
560 1939 709 1983 sceleri
734 1939 957 1983 solennem
983 1939 1238 1999 nuptiarum
1268 1937 1382 1980 diem
1414 1936 1511 1980 filiae

139 2036 224 2063 suae
247 2019 371 2081 legit,
385 2029 435 2063 ut
458 2019 669 2080 religione
684 2029 912 2075 votorum,
933 2018 1120 2062 nefanda
1141 2027 1386 2061 commenta
1413 2016 1513 2060 faci-

137 2098 222 2143 lius
245 2109 508 2160 tegerentur.
535 2100 689 2158 Itaque
719 2098 837 2158 plebi
861 2098 1010 2158 epulas
1036 2099 1080 2141 in
1115 2096 1299 2159 publicis
1330 2097 1510 2156 portici-

136 2180 239 2235 bus,
268 2179 435 2223 senatui
463 2179 506 2220 in
541 2178 671 2221 domo
695 2194 771 2221 sua
796 2187 947 2238 parat,
978 2188 1025 2221 ut
1051 2177 1217 2237 poculis
1244 2193 1410 2219 veneno
1444 2177 1511 2218 in-

138 2260 282 2316 fectis,
313 2260 518 2303 secretius
555 2269 776 2314 senatum,
803 2268 845 2301 et
879 2260 970 2302 sine
999 2258 1201 2313 arbitris,
1230 2256 1512 2310 interficeret,

139 2340 379 2399 orbamque
403 2338 720 2400 rempublicam
748 2337 915 2382 facilius
949 2337 1191 2381 invaderet.
1221 2337 1322 2392 Qua
1350 2353 1394 2379 re
1422 2352 1512 2378 ma-

140 2419 391 2480 gistratibus
411 2436 487 2478 per
508 2420 729 2462 ministros
750 2419 942 2478 prodita,
967 2417 1103 2461 scelus
1123 2417 1410 2471 declinatum,
1427 2432 1514 2458 non

140 2498 408 2541 vindicatum
429 2508 512 2553 est,
543 2515 595 2540 ne
625 2499 667 2540 in
693 2499 787 2540 viro
822 2508 910 2541 tam
936 2497 1104 2557 potenti
1132 2496 1229 2557 plus
1262 2496 1423 2556 negotii
1453 2495 1514 2538 fa-

141 2589 256 2622 ceret
281 2596 348 2621 res
377 2579 571 2639 cognita,
594 2595 725 2637 quam
754 2580 955 2638 cogitata.
984 2578 1190 2623 Contenti
1223 2577 1368 2636 itaque
1397 2576 1516 2618 cohi-

140 2660 306 2716 buisse,
332 2658 507 2702 decreto
536 2657 716 2701 modum
739 2660 991 2719 nuptiarum
1021 2658 1267 2718 sumptibus
1294 2666 1514 2710 statuunt3
