1783 3282
435 237 778 275 ffls'l‘ORIARUM
810 240 898 275 LIB.
929 242 994 277 111.
1364 247 1404 283 ,Ἅι

63 339 207 371 turum
241 325 344 384 quid
373 324 618 368 addendum
653 323 965 366 mutandumve
992 325 1156 386 legibus
1184 329 1418 374 videretur.

56 402 350 445 Proficiscitur
376 411 521 444 autem
545 403 740 458 Cretam,
763 402 909 461 ibique
934 413 1194 462 perpetuum
1222 409 1417 453 exsilium

55 480 161 538 egit,
185 479 399 538 abjicique
423 480 466 522 in
487 496 607 523 mare
630 497 725 524 ossa
747 497 822 524 sua
845 481 1034 525 moriens
1054 482 1183 541 jussit
1199 518 1210 539 ,
1236 501 1289 528 ne
1311 487 1420 532 rela—

54 557 108 599 tis
132 556 506 613 Lacedaemonem,
531 557 695 602 solutos
724 576 767 603 se
788 560 989 619 Spartani
1010 559 1220 620 religione
1240 563 1417 624 jurisju-

53 635 177 678 randi
202 636 246 678 in
269 635 554 680 dissolvendis
581 637 747 698 legibus
773 639 1103 683 arbitrarentur.

117 716 193 758 IV.
217 716 293 759 His
317 716 448 775 igitur
475 716 668 759 moribus
695 718 754 759 ita
775 717 897 760 brevi
924 719 1074 762 civitas
1091 719 1330 776 convaluit,
1357 732 1417 775 ut,

53 811 187 854 quum
210 796 461 850 Messeniis,
486 805 664 855 propter
693 805 910 855 stupratas
932 799 1122 858 virgines
1153 816 1252 843 suas
1280 801 1323 842 in
1353 819 1419 844 so-

53 873 167 916 lenni
183 874 500 917 Messeniorum
526 875 763 930 sacrificio,
786 875 948 919 bellum
973 877 1244 934 intulissent,
1264 882 1420 939 gravis-

50 954 157 996 sima
189 969 232 995 se
265 955 558 996 exsecratione
599 954 938 1011 obstrinxerint,
978 973 1065 999 non
1100 958 1244 1016 prius,
1289 976 1416 1018 quain

48 1033 291 1075 Messenain
319 1043 657 1093 expugnassent,
681 1050 957 1089 reversuros;
981 1045 1150 1079 tantum
1176 1038 1255 1080 sibi
1277 1038 1343 1081 vcl
1367 1039 1419 1082 de

50 1111 214 1154 viribus
238 1112 344 1167 suis,
369 1111 437 1155 vel
456 1112 507 1155 de
520 1112 694 1156 fortuna
718 1113 980 1172 spondentes
1019 1116 1129 1171 Quae
1149 1132 1215 1159 res
1246 1117 1417 1160 initium

50 1189 328 1233 dissensionis
359 1192 565 1246 Graeciae,
589 1201 631 1234 et
670 1192 864 1234 intestini
901 1192 1002 1235 belli
1043 1210 1172 1236 causa
1212 1204 1254 1237 et
1296 1196 1418 1255 origo

49 1268 143 1312 fuit.
169 1271 347 1328 Itaque,
378 1286 512 1328 quum
542 1281 694 1313 contra
726 1272 1108 1330 praesumptionem
1145 1289 1266 1315 suam
1296 1276 1418 1316 annis

49 1347 198 1391 decem
231 1349 273 1391 in
308 1348 533 1392 obsidione
564 1350 682 1392 urbis
709 1359 986 1405 tenerentur,
1025 1361 1068 1394 et
1101 1351 1287 1410 querelis
1311 1369 1418 1395 uxo-

50 1445 146 1470 rum
188 1438 285 1487 post
319 1437 406 1471 tam
444 1427 618 1489 longam
652 1428 908 1473 viduitatem
952 1441 1265 1474 revocarentur
1295 1449 1302 1474 ε
1346 1449 1417 1475 vc—

49 1508 147 1562 riti,
191 1524 245 1550 ne
287 1508 367 1550 hac
412 1510 732 1567 perseverantia
767 1507 868 1551 belli
914 1510 1086 1569 gravius
1130 1510 1234 1565 sibi,
1287 1527 1416 1570 quam

48 1588 276 1630 Messeniis
311 1597 521 1630 nocerent
553 1604 561 1631 ;
596 1588 758 1647 quippe
790 1586 894 1641 illis,
927 1598 1138 1647 quantum
1173 1590 1416 1648 juventutis

46 1665 160 1710 bello
197 1667 445 1723 intercidat,
487 1666 720 1710 mulierum
763 1667 1045 1710 foecunditate
1083 1667 1300 1728 suppleri3
1336 1669 1415 1711 sibi

47 1756 89 1789 et
134 1745 237 1789 belli
283 1745 442 1789 damna
489 1746 661 1789 assidua
680 1780 691 1801 ,
741 1756 783 1789 et
831 1746 1159 1790 foecunditatem
1202 1763 1384 1790 uxorum
1405 1782 1415 1801 ,

47 1826 296 1868 absentibus
317 1826 444 1880 viris,
472 1823 637 1868 nullam
667 1841 756 1868 esse
778 1841 786 1867 :
809 1826 956 1884 itaque
984 1824 1135 1885 legunt
1155 1826 1336 1884 juvenes
1365 1843 1414 1868 cx

47 1921 97 1948 eo
130 1921 289 1965 genere
321 1903 538 1959 militum,
573 1905 647 1963 qui
682 1914 781 1964 post
812 1904 1118 1964 jusjurandum
1154 1905 1198 1947 in
1239 1904 1415 1964 supple-

46 1993 245 2027 mentum
268 1993 502 2038 venerant,
530 1984 686 2043 quibus
714 1985 914 2043 Spartam
934 1984 1123 2027 remissis
1144 1984 1417 2043 promiscuos

46 2065 243 2107 omnium
279 2064 543 2107 feminarum
586 2063 843 2106 concubitus
884 2063 1118 2122 permisere
1161 2080 1169 2105 :
1206 2063 1416 2106 maturio-

46 2160 138 2186 rem
159 2143 351 2187 futuram
371 2143 702 2202 conceptionem
724 2143 826 2196 rati,
845 2143 879 2184 si
904 2158 998 2185 eam
1017 2140 1197 2202 singulae
1212 2157 1289 2201 per
1316 2140 1415 2200 plu-

46 2239 113 2266 res
137 2224 254 2265 viros
284 2222 603 2282 experirentur.
641 2223 703 2264 Ex
726 2222 792 2264 his
827 2222 917 2264 nati
956 2221 1009 2263 ob
1047 2230 1195 2263 notam
1230 2222 1415 2263 materni

46 2301 249 2361 pudoriS,
268 2301 511 2344 Partheniae
537 2301 695 2343 vocati.
715 2301 803 2357 Qui
825 2317 961 2359 quum
986 2299 1039 2342 ad
1060 2316 1197 2342 annos
1220 2316 1300 2342 xxx
1325 2316 1419 2359 pcr-

46 2381 290 2434 venissent,
317 2389 435 2422 metu
459 2380 616 2438 inopiae
631 2378 764 2439 (nulli
791 2380 907 2422 enim
929 2388 1052 2438 pater
1075 2379 1324 2432 exsistebat,
1345 2395 1417 2421 cu-

42 2462 113 2521 jus
141 2461 186 2503 in
216 2459 531 2518 patrimonium
561 2460 772 2502 successio
800 2457 1089 2517 speraretur),
1118 2457 1271 2500 ducem
1303 2457 1416 2500 Pha-

47 2538 247 2582 lanthum
278 2547 527 2590 assumunt,
561 2536 699 2580 filium
727 2538 872 2591 Arati,
903 2537 977 2595 qui
1015 2545 1166 2579 auctor
1194 2536 1417 2596 Spartanis

47 2618 189 2661 fuerat
216 2617 458 2677 juventutis
487 2615 540 2658 ad
571 2615 863 2674 generandam
897 2614 1090 2659 sobolem
1131 2615 1308 2658 domuin
1348 2631 1414 2655 rc-
