1783 3282
300 364 341 410 jv
808 362 877 396 DE
906 361 1158 397 JUSTINO.

306 445 588 489 historiarum
621 446 758 505 Trogi
783 446 1003 506 Pompeii,
1032 440 1243 502 ejusmodi
1268 440 1379 495 fere,
1405 439 1550 498 qualia
1579 441 1676 484 His-

306 534 514 576 toriarum
548 532 660 575 Livii
690 541 944 592 argumenta
980 531 1060 574 sub
1098 528 1215 572 Flori
1246 528 1422 570 nomine
1453 527 1675 570 habemus.

304 618 407 674 Illa,
432 619 486 663 ab
513 621 607 680 ipso
636 620 747 663 forte
774 619 971 679 profecta
995 621 1164 677 Trogo,
1193 627 1308 659 certe
1344 632 1432 659 nou
1457 633 1482 660 a
1507 617 1679 660 Justino

306 705 546 763 elaborata,
571 707 827 761 ostendunt,
853 707 1074 749 Justinum
1099 706 1144 747 in
1173 705 1362 764 epitome
1385 720 1461 746 sua
1486 704 1680 747 omisisse

307 810 395 837 non
415 811 573 854 pauca,
592 796 636 838 in
659 795 726 838 his
744 811 814 851 ea,
830 810 926 853 quae
948 793 1000 836 de
1020 803 1236 837 terrarum
1254 792 1340 835 situ
1357 794 1527 851 Trogus
1549 793 1683 852 scrip-

307 893 431 926 serat.

371 972 559 1015 Videtur
579 974 773 1015 Justinus
800 973 844 1014 in
874 971 1071 1031 pluribus
1092 987 1194 1014 usus
1224 971 1357 1030 Trogi
1380 971 1541 1026 verbis,
1566 970 1682 1013 unde

308 1060 380 1103 vix
407 1061 567 1103 Justini
588 1059 674 1102 ulla
703 1060 756 1102 ab
782 1061 926 1119 Trogo
956 1058 1093 1102 aliena
1116 1059 1159 1101 in
1182 1074 1381 1101 sermone
1405 1059 1583 1118 vestigia
1609 1076 1683 1118 ap-

309 1164 483 1207 parere,
500 1148 557 1190 ait
577 1150 640 1190 Jo.
656 1149 725 1190 Fr.
742 1148 1017 1201 Gronovius,
1046 1146 1174 1201 Obs„
1197 1163 1261 1202 w,
1291 1163 1359 1202 10,
1379 1164 1420 1206 p.
1450 1144 1549 1199 154.
1573 1148 1686 1189 Sunt

310 1235 385 1294 qui
415 1235 629 1295 integram
663 1236 795 1296 Trogi
830 1235 1065 1278 Historiam
1099 1234 1246 1277 dicant
1277 1234 1407 1277 fuisse
1446 1235 1489 1277 in
1530 1233 1686 1276 biblio-

311 1323 436 1367 theca
459 1323 718 1383 Marquardi
744 1323 901 1378 Gudii,
932 1323 1006 1367 sed
1034 1339 1123 1366 non
1153 1340 1233 1383 ego
1262 1321 1465 1366 credulus
1488 1321 1584 1364 illis.
1611 1323 1686 1365 So-

312 1411 453 1456 lemne
477 1422 542 1456 est
559 1428 659 1455 mss.
679 1413 837 1455 Justini
857 1410 1076 1454 codicibus
1095 1410 1262 1471 praefigi
1291 1411 1534 1471 speciosum
1554 1411 1687 1469 Trogi

313 1517 494 1554 nomen,
520 1510 619 1544 ante
640 1499 778 1544 multa
795 1501 885 1560 jam
906 1498 1059 1543 saecula
1089 1499 1315 1556 deperditi.
1335 1501 1400 1542 Ita
1416 1501 1568 1558 Lupus
1588 1501 1621 1541 F
1625 1515 1690 1541 ei·-

313 1589 540 1642 rariensis,
561 1588 684 1648 epist.
707 1603 790 1643 203
810 1589 965 1630 Petrus
984 1586 1196 1630 Blesensis
1213 1621 1223 1639 ‚
1256 1587 1378 1647 epist.
1403 1585 1482 1641 85,
1512 1588 1597 1647 943
1619 1585 1691 1630 Al-

316 1676 459 1720 fredus
487 1675 833 1730 Beverlacensis‚
870 1675 913 1718 in
943 1675 1198 1719 Annalibus
1232 1690 1380 1735 regum
1417 1675 1687 1725 Britannice,

315 1781 357 1824 p.
383 1768 465 1820 24,
496 1774 538 1807 et
563 1763 635 1807 alii
656 1765 853 1824 juniores
880 1781 888 1807 :
917 1762 1093 1823 quando
1120 1763 1376 1822 Pompeium
1403 1765 1599 1823 Trogum
1631 1763 1692 1805 ci-

316 1861 437 1908 tant,
463 1852 621 1896 Justini
648 1852 869 1911 epitomen
899 1849 1160 1911 intelligunt.

379 1943 425 1984 B.
453 1940 767 1995 Montfaucon‚
797 1940 839 1982 in
865 1939 1019 1982 Diario
1045 1938 1223 1994 Italico,
1249 1956 1288 1999 p.
1318 1938 1375 2000 76
1394 1974 1403 1992 ,
1433 1949 1554 1982 notat
1580 1943 1692 1983 Pro-

316 2028 436 2089 logos
461 2029 601 2071 rarius
625 2043 852 2071 occurrere
874 2028 918 2070 in
946 2026 1166 2070 codicibus
1190 2029 1213 2069 J
1219 2028 1351 2069 ustini
1375 2044 1472 2070 mss.
1494 2028 1620 2071 Notae
1640 2028 1694 2071 ad

316 2116 528 2177 Prologos
560 2115 819 2176 pereruditae
848 2115 1014 2158 abbatis
1055 2117 1120 2158 De
1153 2117 1416 2175 Longuerue
1447 2125 1617 2159 exstant
1652 2117 1694 2158 in

318 2205 507 2249 editione
545 2205 702 2248 Justini
745 2203 1003 2257 parisiensi,
1045 2220 1140 2262 quae
1186 2220 1301 2246 anno
1350 2220 1487 2265 ¹709⁷
1529 2205 1696 2247 minore

317 2293 458 2337 forma
480 2291 668 2353 prodiit,
693 2308 772 2335 nec
796 2308 884 2335 non
909 2293 952 2334 in
982 2292 1241 2344 novissima,
1271 2292 1493 2334 variorum
1514 2292 1628 2334 notis
1652 2291 1698 2334 il-

319 2381 526 2436 lustrata,
551 2390 732 2424 curante
758 2381 860 2424 Abr.
892 2381 1131 2425 Gronovio.
1159 2381 1316 2423 Justini
1337 2379 1469 2422 codex
1494 2381 1697 2440 insignis,

315 2470 438 2529 jussu
464 2469 528 2512 Pii
560 2471 644 2525 III,
674 2485 790 2512 anno
832 2466 948 2513 1503
985 2468 1203 2523 defuncti,
1233 2467 1450 2529 eleganter
1489 2470 1695 2529 scriptus,

319 2566 457 2601 exstat
484 2558 528 2600 in
553 2556 816 2601 bibliotheca
838 2557 1056 2601 Gothana.

382 2647 461 2689 Est
484 2646 680 2690 Justinus
699 2646 886 2705 scriptor
903 2656 1040 2689 tersus
1061 2655 1102 2688 et
1120 2645 1310 2705 elegans,
1330 2655 1377 2688 ut
1406 2644 1457 2687 de
1477 2661 1527 2687 eo
1548 2645 1697 2687 scribit

319 2733 591 2777 Raimundus
613 2733 787 2789 Lullus,
810 2733 881 2777 lib.
902 2736 1071 2789 V11‚De
1092 2736 1233 2787 Orat„
1255 2750 1347 2792 cap.
1369 2735 1409 2786 4.
1432 2735 1535 2776 Mss.
1560 2742 1698 2776 exstat
