1783 3282
454 227 797 262 HISTORIARUM
826 227 912 261 Lm.
940 227 1005 260 111.
1097 205 1100 209 ’
1368 226 1412 266 Δις’),

49 311 267 355 iliensibus
296 319 457 368 petere.
489 312 626 351 Porro
655 308 966 362 Athenienses,
997 324 1132 366 quum
1159 325 1413 369 responsum

44 390 367 451 cognovissent,
386 390 429 431 in
443 397 744 448 contemptum
757 388 1070 447 Spartanorum
1083 389 1299 445 Tyrtaeum
1318 406 1415 449 poe-

49 479 137 511 tam
170 467 372 511 claudum
398 466 507 526 pede
534 467 689 510 misere
712 484 719 509 :
744 467 820 526 qui
846 465 986 508 tribus
1014 463 1175 523 proeliis
1203 466 1340 521 fusus,
1365 485 1414 510 eo

47 562 181 606 usque
215 546 528 605 desperationis
568 547 805 606 Spartanos
834 544 1034 598 adduxit,
1059 552 1130 599 ut,
1159 543 1213 585 ad
1245 545 1416 605 supple-

46 635 243 669 mentum
275 626 509 680 exercitus,
539 642 684 668 servos
717 641 817 668 suos
851 624 1233 677 manumitterent‚
1264 624 1414 683 hisque

46 705 374 748 interfectorum
398 705 676 747 matrimonia
692 703 1004 764 pollicerentur
1021 720 1030 746 ε
1047 713 1097 746 ut
1118 719 1207 745 non
1232 719 1414 746 numero

46 793 215 828 tantuin
245 784 501 826 amissorum
525 783 713 837 civium,
731 782 804 825 sed
827 791 867 825 et
891 782 1095 842 dignitati
1119 781 1411 825 succederent.

46 862 129 906 Sed
157 877 279 921 reges
309 860 761 916 Lacedaemoniorum,
793 877 867 914 ne,
896 871 1050 905 contra
1082 860 1303 904 fortunam
1339 877 1417 919 pu-

45 940 241 1003 gnandO,
266 941 429 1001 majora
450 941 711 984 detrimenta
734 941 900 984 civitati
922 941 1186 1001 infligerent,
1209 940 1415 984 reducere

43 1020 281 1063 exercitum
304 1019 563 1073 voluerunt3
580 1021 627 1063 ni
646 1021 949 1063 intervenisset
965 1022 1160 1080 Tyrtaeus
1175 1054 1186 1074 ,
1204 1020 1278 1079 qui
1296 1036 1415 1062 com·

45 1101 183 1160 posita
205 1100 398 1143 carmina
422 1100 631 1143 exercitui
659 1116 738 1159 pro
765 1101 975 1143 concione
1000 1100 1223 1154 recitavit,
1253 1100 1297 1141 in
1324 1100 1417 1158 qui-

43 1181 122 1222 lius
137 1180 410 1222 hortamenta
432 1179 626 1234 virtutis,
647 1179 909 1222 damnorum
923 1178 1096 1233 solatia,
1110 1178 1213 1221 belli
1238 1178 1415 1222 consilia

46 1259 372 1317 conscripserat.
403 1260 555 1317 Itaque
586 1267 758 1301 tantum
786 1256 987 1300 ardorem
1013 1256 1223 1300 militibus
1248 1258 1415 1316 injecit,

44 1345 92 1380 ut
121 1353 210 1379 non
234 1336 286 1379 de
312 1335 470 1391 salute,
493 1335 567 1378 sed
587 1335 640 1378 de
663 1335 885 1395 sepultura
909 1335 1102 1392 solliciti,
1129 1345 1329 1390 tesseras,
1355 1337 1417 1378 in-

44 1413 223 1474 sculptis
252 1416 339 1458 suis
363 1425 403 1457 et
427 1425 603 1474 patrum
631 1415 907 1470 nominibus,
934 1415 1088 1458 dextro
1110 1415 1291 1459 brachio
1315 1414 1418 1458 deli-

42 1504 197 1554 garent
221 1511 230 1536 :
255 1504 324 1547 ut,
349 1495 382 1537 si
406 1510 558 1537 omnes
583 1494 813 1538 adversum
838 1494 1040 1554 proelium
1059 1495 1417 1554 consumpsisset,

43 1583 85 1616 et
114 1575 322 1633 temporis
342 1574 482 1633 spatio
506 1573 686 1616 confusa
715 1590 950 1634 corporum
974 1573 1237 1617 lineamenta
1261 1583 1417 1622 essent„

43 1671 93 1696 cx
123 1653 284 1696 indicio
314 1652 542 1696 titulorum
571 1652 684 1695 tradi
708 1652 941 1712 sepulturae
970 1662 1156 1712 possent.
1182 1653 1334 1708 Quum
1357 1653 1417 1695 sic

43 1733 283 1775 animatum
301 1748 424 1792 reges
439 1733 679 1776 exercitum
694 1732 891 1775 viderent
907 1766 918 1787 ,
936 1742 1092 1775 curant
1109 1748 1201 1775 rem
1221 1732 1418 1777 hostibus

44 1813 249 1855 nuntiari.
274 1813 500 1855 Messeniis
524 1821 671 1854 autem
693 1827 782 1854 non
812 1813 1014 1855 timorem
1040 1828 1128 1866 res,
1153 1811 1225 1854 sed
1247 1811 1419 1854 aemula-

44 1893 204 1934 tionem
243 1901 439 1934 mutuam
470 1890 603 1934 dedit.
638 1892 789 1950 Itaque
820 1892 951 1934 tantis
979 1892 1134 1934 animis
1157 1907 1417 1934 concursum

43 1981 132 2025 est,
151 1981 202 2014 ut
224 1987 323 2014 raro
347 1987 542 2030 unquam
568 1971 793 2013 cruentius
822 1969 1028 2030 proelium
1052 1970 1196 2013 fuerit.
1224 1969 1291 2014 Ad
1320 1987 1417 2030 pos-

45 2060 230 2095 tremum
260 2060 405 2093 tamen
431 2051 613 2101 victoria
635 2050 1072 2094 Lacedaemoniorum
1096 2050 1190 2094 fuit.

105 2132 181 2173 VI.
206 2130 440 2189 Interjecto
468 2139 688 2189 tempore,
714 2131 893 2172 tertium
918 2146 1092 2189 quoque
1115 2128 1278 2172 bellum
1302 2130 1418 2172 Mes-

45 2210 151 2253 senii
178 2225 433 2269 reparavere
456 2226 464 2251 :
491 2210 535 2251 in
558 2209 684 2268 cujus
701 2208 914 2251 auxilium
934 2208 1276 2262 Lacedaemonii,
1307 2209 1420 2250 inter

46 2288 233 2348 reliquos
262 2289 424 2343 socios,
453 2289 583 2331 etiam
612 2288 902 2331 Athenienses
930 2286 1181 2330 adhibuere.
1216 2288 1417 2343 Quorum

45 2367 173 2410 fidem
210 2383 345 2426 quum
379 2377 624 2427 suspectam
650 2367 880 2422 haberent,
915 2382 1260 2426 supervacaneos
1291 2367 1422 2409 simu-

47 2447 208 2501 lantes,
234 2462 257 2489 a
279 2445 393 2489 bello
428 2446 600 2490 eosdem
629 2446 901 2489 dimiserunt.
924 2448 1047 2488 Hanc
1070 2462 1163 2488 rem
1186 2446 1421 2489 Athenien-

50 2543 115 2569 ses
138 2526 331 2586 graviter
353 2524 560 2580 ferentes,
577 2527 826 2585 pecuniam,
852 2541 946 2584 quae
970 2534 1063 2567 erat
1083 2525 1127 2567 in
1151 2524 1417 2583 stipendium

48 2606 204 2666 persici
227 2603 327 2647 belli
354 2604 405 2647 ab
429 2605 630 2647 universa
654 2605 823 2647 Graecia
848 2604 1022 2658 collata,
1048 2620 1069 2646 a
1098 2603 1206 2646 Delo
1233 2604 1420 2646 Athenas>
