1783 3282
515 402 564 484 J
584 401 654 482 U
674 400 808 484 ST
824 401 857 482 l
873 400 995 482 Nl

73 626 696 694 HISTORIARUM
742 625 1441 693 PHILIPPICARUM

373 833 464 885 Ex
504 832 751 887 TROGO
792 832 1138 886 POMPEIO.

579 1247 927 1290 PRAEFATIO.

71 1404 255 1506 QUUM
294 1439 419 1483 multi
455 1456 507 1483 ex
540 1441 774 1496 Romanis,
808 1442 936 1484 etiam
978 1439 1218 1484 consularis
1257 1438 1443 1500 dignita-

71 1535 123 1578 tis
157 1535 265 1589 viri,
299 1552 366 1579 res
403 1551 606 1578 romanas
642 1552 782 1596 graeco
819 1536 1135 1596 peregrinoque
1168 1551 1366 1578 sermone
1396 1534 1440 1576 in

68 1629 294 1673 historiam
323 1628 627 1683 contulissent,
656 1630 743 1673 sive
767 1628 1040 1673 aemulatione
1069 1628 1233 1690 gloriae,
1264 1629 1351 1672 sive
1375 1644 1442 1671 va-

70 1726 221 1768 rietate
245 1735 288 1768 et
310 1726 503 1768 novitate
525 1725 668 1784 operis
691 1724 951 1778 delectatus,
977 1725 1044 1767 vir
1066 1724 1214 1784 priscae
1237 1722 1442 1782 eloquen-

69 1821 137 1863 tiae
174 1823 348 1880 Trogus
376 1822 637 1881 Pompeius,
670 1835 828 1879 graecas
855 1828 896 1861 et
927 1819 1058 1862 totius
1089 1818 1206 1861 orbis
1237 1818 1442 1860 historias

68 1913 203 1957 latino
240 1930 439 1957 sermone
476 1914 746 1973 composuit,
787 1923 864 1967 ut,
909 1929 1045 1972 quum
1084 1922 1233 1956 nostra
1275 1928 1441 1972 graece‚

69 2026 206 2070 graeca
244 2026 418 2069 quoque
452 2019 600 2052 nostra
630 2008 781 2070 lingua
808 2008 890 2070 legi
916 2018 1109 2068 possent,
1140 2024 1320 2068 prorsus
1349 2023 1439 2050 rem

69 2106 213 2165 magni
232 2115 274 2148 et
293 2105 425 2147 animi
447 2114 488 2147 et
511 2105 707 2164 corporis
733 2121 972 2165 aggressus.
998 2105 1110 2147 Nam
1138 2120 1274 2163 quum
1295 2102 1443 2163 pleris-

68 2216 152 2258 que
181 2199 454 2255 auctoribus,
491 2198 765 2258 singulorum
795 2215 946 2259 regum
974 2198 1043 2242 vel
1077 2197 1342 2259 populorum
1374 2215 1441 2241 res

68 2304 209 2353 gestas
238 2295 550 2349 scribentibus,
582 2311 691 2354 opus
719 2311 845 2337 suum
875 2293 999 2336 ardui
1029 2292 1188 2336 laboris
1222 2293 1440 2348 videatur,

67 2405 214 2432 nonne
232 2389 357 2431 nobis
376 2390 608 2449 Pompeius
628 2388 832 2432 herculea
855 2389 1033 2432 audacia
1056 2389 1205 2432 orbem
1227 2397 1440 2431 terrarum

68 2499 292 2544 aggressus
316 2482 452 2525 videri
476 2483 627 2539 debet,
654 2484 776 2543 cujus
800 2482 921 2526 libris
949 2484 1145 2527 omnium
1171 2482 1441 2535 seculorum,

69 2595 242 2639 regum,
266 2578 515 2633 nationum,
539 2577 891 2638 populorumque
908 2595 975 2621 res
996 2589 1123 2639 gestae
1139 2578 1442 2622 continentur?

235 2687 262 2714 1.
1259 2689 1272 2715 1
