1783 3282
488 223 689 257 HISTORI
696 223 832 256 ARUM
861 224 949 257 LIB.
977 225 1055 258 XV.
1388 235 1402 257 1
1410 229 1430 266 4
1438 223 1457 257 5

94 317 181 362 tus,
208 307 409 350 misertus
430 306 540 348 tanti
565 306 665 360 viri,
688 320 775 347 nou
793 303 950 362 culpae,
972 305 1046 347 sed
1073 304 1283 349 libertatis
1305 322 1452 367 poenas

94 385 348 445 pendentis,
372 400 586 427 venenum
608 384 646 426 ei
665 384 708 426 in
739 381 979 425 remedium
1009 382 1302 427 calamitatum
1323 384 1449 428 dedit,

97 463 226 521 Quod
249 462 356 506 adeo
385 480 496 523 aegre
518 461 762 507 Alexander
787 459 909 515 tulit,
936 469 984 502 ut
1003 476 1103 502 eum
1127 461 1254 520 objici
1282 462 1450 507 ferocis-

94 543 203 585 simo
231 541 346 585 leoni
369 542 556 601 juberet.
585 541 669 585 Sed
697 556 831 600 quum
857 539 912 582 ad
928 548 1206 598 conspectum
1237 540 1327 598 ejus
1354 557 1453 584 eon-

92 621 247 663 citatus
276 619 343 663 leo
366 621 576 680 impetum
595 620 783 674 fecisset,
805 634 983 662 manum
1006 616 1195 660 amiculo
1218 617 1458 663 involutam

96 698 376 758 Lysimachus
409 700 452 742 in
486 715 533 742 os
562 697 697 742 leonis
731 698 962 752 immersit,
993 705 1253 756 arreptaque
1292 694 1459 756 lingua,

95 776 229 820 feram
245 779 520 822 exanimavit.
545 777 679 833 Quod
697 793 832 835 quum
851 776 1100 818 nuntiatum
1124 776 1216 835 regi
1232 784 1364 830 esset,
1387 776 1461 818 ad·-

96 856 268 898 miratio
293 856 337 898 in
361 855 698 899 satisfactionem
717 856 864 909 cessit,
886 856 1186 914 carioremque
1213 870 1312 897 eum
1331 871 1463 914 prop-

94 943 160 976 ter
187 935 477 977 constantiam
505 943 635 977 tantae
655 934 830 977 virtutis
854 933 1018 976 habuit.
1050 933 1331 992 Lysimachus
1355 949 1463 992 quo-

94 1030 176 1071 que
208 1030 368 1074 magno
395 1014 560 1069 animo,
591 1014 726 1073 regis,
754 1012 889 1055 veluti
923 1013 1134 1072 parentis,
1156 1011 1464 1055 contumeliam

94 1091 207 1135 tulit.
238 1093 440 1151 Denique
470 1093 589 1136 omni
617 1109 667 1135 ex
694 1091 840 1135 animo
866 1092 995 1150 hujus
1028 1091 1127 1134 facti
1156 1092 1366 1134 memoria
1393 1108 1465 1134 ex—

93 1171 293 1226 turbata,
310 1181 460 1230 postea
481 1173 525 1214 in
544 1171 668 1214 India
688 1171 915 1213 insectanti
935 1170 1024 1230 regi
1041 1169 1251 1228 quosdam
1271 1169 1466 1229 palantes

94 1250 263 1304 hostes,
291 1266 426 1309 quum
446 1267 469 1293 a
494 1249 730 1293 satellitum
760 1250 908 1305 turba,
934 1249 1035 1307 equi
1059 1249 1124 1291 sui
1150 1247 1371 1291 celeritate
1392 1248 1466 1291 de-

97 1340 235 1372 sertus
254 1339 363 1372 esset
380 1364 390 1380 ‚
411 1329 527 1372 solus
553 1330 590 1371 ei
611 1345 687 1388 per
707 1330 938 1371 immensas
965 1343 1197 1370 arenarum
1218 1325 1352 1370 moles
1373 1344 1468 1370 cur-

97 1425 167 1451 sus
192 1424 336 1451 comes
365 1408 458 1450 fuit.
489 1407 621 1464 Quod
650 1406 764 1449 idem
786 1416 913 1450 antea
929 1405 1180 1465 Philippus,
1202 1406 1336 1448 frater
1357 1407 1467 1466 ejus,

98 1503 233 1545 quum
262 1487 402 1530 facere
427 1486 658 1539 voluisset,
686 1487 802 1528 inter
834 1502 988 1528 manus
1018 1486 1132 1545 regis
1157 1486 1464 1545 exspiraverat.

96 1566 180 1609 Sed
204 1567 513 1627 Lysimachum
530 1564 731 1608 desiliens
754 1582 865 1624 equo
884 1564 1127 1608 Alexander
1146 1564 1279 1607 hastae
1293 1565 1470 1623 cuspide

100 1645 160 1687 ita
183 1646 227 1688 in
251 1645 394 1688 fronte
420 1645 687 1702 vulneravit,
707 1656 757 1689 ut
780 1644 955 1704 sanguis
973 1642 1098 1686 aliter
1116 1642 1231 1685 cludi
1256 1659 1343 1685 non
1369 1660 1469 1702 pos-

99 1734 182 1780 set,
208 1741 338 1784 quam
362 1725 558 1768 diadema
583 1725 664 1768 sibi
685 1724 912 1784 demptum
943 1740 1033 1778 rex,
1054 1721 1261 1782 alligandi
1279 1721 1471 1766 vulneris

98 1819 244 1858 causa,
270 1804 401 1863 capiti
436 1804 526 1862 ejus
555 1804 811 1863 imponeret.
842 1802 977 1859 Quod
1007 1801 1249 1861 auspicium
1278 1801 1469 1861 primum

99 1882 253 1942 regalis
286 1883 522 1941 majestatis
553 1883 814 1941 Lysimacho
845 1881 939 1924 fuit.
970 1881 1054 1924 Sed
1088 1891 1131 1923 et
1160 1890 1257 1940 post
1285 1890 1471 1923 mortem

97 1961 355 2017 Alexandri,
391 1978 526 2020 quum
556 1962 669 2004 inter
697 1977 966 2004 successores
995 1961 1086 2020 ejus
1108 1960 1342 2020 provinciae
1363 1959 1472 2002 divi—

97 2040 325 2096 derentur,
351 2040 625 2083 ferocissimae
648 2050 819 2100 gentes,
840 2041 962 2100 quasi
988 2039 1187 2083 omnium
1211 2038 1473 2093 fortissimo,

97 2121 324 2180 assignatae
353 2130 455 2163 sunt
480 2137 488 2162 :
516 2120 624 2162 adeo
653 2121 784 2163 etiam
815 2136 1028 2163 consensu
1056 2119 1362 2161 universorum
1380 2117 1472 2177 pal-

97 2215 214 2242 mam
233 2200 409 2242 virtutis
430 2200 543 2241 inter
564 2208 729 2242 ceteros
752 2198 865 2242 tulit.

163 2280 239 2322 IV.
265 2280 527 2338 Priusquam
562 2277 725 2321 bellum
760 2280 874 2321 iuter
906 2277 1212 2332 Ptolemaeum,
1250 2277 1475 2336 sociosque

102 2360 222 2418 ejus,
251 2358 456 2401 adversus
491 2358 764 2419 Antigonum
795 2358 1163 2412 committeretur,
1205 2366 1382 2417 repente
1425 2372 1475 2399 ex

100 2439 202 2482 Asia
229 2438 393 2497 majore
422 2436 639 2497 digressus
667 2436 894 2491 Seleucus,
929 2453 1067 2479 novus
1096 2437 1318 2498 Antigono
1339 2437 1477 2481 hostis

103 2526 349 2560 accesserat.
374 2517 515 2575 Hujus
533 2533 707 2576 quoque
732 2526 775 2559 et
796 2517 933 2559 virtus
963 2515 1098 2570 clara,
1128 2526 1171 2559 et
1196 2517 1320 2577 origo
1343 2516 1476 2560 admi-

103 2596 251 2640 rabilis
279 2595 373 2638 fuit.
404 2594 628 2654 Siquidem
651 2604 787 2638 mater
819 2596 910 2654 ejus
935 2596 1148 2652 Laodice,
1178 2613 1314 2656 quum
1342 2606 1477 2656 nupta

302 2692 325 2717 Ι,
1265 2692 1315 2718 10
