1783 3282
353 294 364 316 ι
374 295 395 315 o
937 276 955 309 J
959 273 1124 309 USTIM

348 364 467 406 ‹lium
496 359 785 405 confluebant.
811 360 975 402 Tantus
1003 356 1139 399 Croesi
1169 369 1291 397 amor
1319 352 1436 412 apud
1463 368 1612 396 omnes
1644 368 1715 395 ur-

351 444 420 484 bes
448 449 539 483 erat
564 457 573 483 :
599 453 889 500 passurusque
912 438 1051 496 Cyrus
1078 449 1208 494 grave
1231 430 1394 475 bellum
1414 432 1591 475 Graeciae
1615 430 1715 484 fuit,

347 520 381 563 si
421 518 526 578 quid
568 519 613 561 in
658 519 855 561 Croesum
895 512 1111 558 crudelius
1150 510 1448 555 consuluisset.
1484 511 1716 570 Interjecto

348 597 505 641 deinde
529 607 742 656 tempore,
772 602 984 654 occupato
1013 593 1057 634 in
1083 590 1175 634 aliis
1200 589 1324 634 bellis
1348 592 1484 650 Cyro,
1512 591 1623 650 Lydi
1650 607 1716 634 re-

348 675 574 720 bellavere.
605 675 775 732 Quibus
804 674 963 716 iterum
995 672 1120 714 victis
1153 686 1274 713 arma
1303 679 1345 713 et
1373 670 1472 728 equi
1499 669 1717 729 adempti3

345 757 538 817 jussique
561 753 795 814 cauponias
823 761 864 795 et
896 750 1084 795 ludicras
1110 759 1243 805 arteS,
1267 758 1309 792 et
1346 747 1561 792 lenocinia
1596 765 1717 791 exer-

345 851 456 879 cere.
479 837 534 878 Et
567 835 646 887 sic,
671 849 774 893 gens
811 830 1026 875 industria
1055 828 1276 889 quondam
1313 838 1485 888 potenS,
1510 838 1551 872 et
1584 845 1717 872 manu

349 923 545 967 strenua,
575 913 825 957 effeminata
853 910 1034 954 mollitie
1057 909 1337 968 luxuriaque,
1373 910 1580 952 virtutem
1609 909 1717 968 pris-

348 993 483 1036 tinam
514 991 731 1052 perdidit;
753 999 795 1033 et
819 1006 926 1049 quos
953 998 1052 1032 ante
1076 989 1241 1047 Cyrum
1265 988 1448 1031 invictos
1473 986 1588 1030 bella
1611 1004 1719 1047 prae—

347 1073 566 1126 stiterant,
591 1071 636 1112 in
659 1069 875 1112 luxuriam
899 1067 1038 1128 lapsos
1060 1068 1200 1110 otium
1219 1083 1268 1110 ac
1297 1066 1461 1110 desidia
1484 1067 1718 1127 superavit.

347 1151 484 1192 Fuere
508 1148 641 1208 Lydis
679 1146 807 1192 multi
837 1155 937 1191 ante
966 1148 1166 1190 Croesum
1207 1162 1349 1206 regeS,
1380 1146 1512 1189 variis
1552 1146 1721 1189 casibus

348 1227 649 1272 memorabiles
680 1244 689 1271 ε
717 1225 890 1270 nullum
925 1236 1070 1270 tamen
1098 1225 1273 1268 fortuna
1302 1223 1518 1269 Candauli
1545 1241 1722 1284 compa-

349 1307 524 1351 randus.
547 1308 630 1350 Hic
656 1323 859 1361 uxorem,
887 1321 1019 1365 quam
1047 1314 1226 1365 propter
1252 1304 1401 1347 formae
1432 1302 1722 1363 pulchritudi-

350 1403 448 1430 nem
471 1386 715 1446 deperibat,
741 1385 974 1446 praedicare
998 1384 1200 1427 omnibus
1224 1382 1411 1437 solebat,
1435 1399 1523 1425 non
1546 1392 1723 1426 conten-

351 1476 418 1509 tus
455 1465 731 1526 voluptatum
769 1481 946 1508 suarum
988 1464 1117 1508 tacita
1155 1463 1440 1516 conscientia,
1475 1462 1558 1505 nisi
1594 1462 1723 1505 etiam

351 1546 619 1589 matrimonii
653 1543 873 1588 reticenda
911 1542 1151 1604 publicaret
1185 1559 1194 1584 ε
1224 1558 1401 1602 prorsus
1435 1542 1557 1601 quasi
1596 1539 1724 1583 silen-

352 1626 462 1668 tium
495 1624 702 1670 damnum
731 1622 1069 1685 pulchritudinis
1103 1630 1223 1665 esset.
1256 1620 1327 1665 Ad
1366 1630 1636 1680 postremum
1677 1630 1726 1662 ut

351 1703 631 1748 affirmationi
660 1721 747 1747 suae
772 1703 901 1746 fidem
928 1702 1111 1757 faceret,
1146 1700 1310 1745 nudam
1337 1699 1475 1743 sodali
1504 1716 1582 1742 suo
1611 1700 1725 1758 Gygi

353 1783 555 1826 ostendit.
581 1784 684 1839 Quo
721 1782 854 1836 facto,
883 1791 925 1825 et
957 1780 1145 1824 amicum
1189 1781 1233 1823 in
1272 1777 1535 1822 adulterium
1580 1778 1726 1820 uxoris

353 1861 651 1916 sollicitatum,
673 1861 843 1904 hostem
864 1860 945 1904 sibi
967 1859 1067 1902 fecit
1089 1876 1097 1902 :
1119 1868 1162 1901 et
1181 1873 1380 1913 uxorem,
1405 1856 1541 1900 veluti
1565 1856 1726 1899 tradito

355 1941 426 1985 alii
451 1957 617 1996 amore,
646 1958 668 1984 a
697 1957 740 1983 se
768 1939 984 1983 alienavit.
1010 1941 1212 1998 Namque
1240 1937 1363 1980 brevi
1390 1946 1489 1996 post
1513 1945 1727 1995 tempore,

356 2020 489 2065 caedes
513 2019 749 2065 Candaulis
778 2020 1032 2079 nuptiarum
1058 2017 1284 2077 praemium
1309 2015 1416 2068 fuit·‚
1446 2025 1488 2058 et
1509 2031 1620 2057 uxor
1641 2030 1729 2056 ma-

356 2100 427 2142 riti
451 2097 662 2160 sanguine
685 2099 851 2154 dotata,
880 2114 1065 2158 regnum
1093 2097 1176 2139 viri
1205 2105 1246 2139 et
1270 2112 1313 2139 se
1338 2095 1502 2155 pariter
1529 2093 1728 2137 adultero

358 2178 547 2221 tradidit.

418 2259 537 2301 VHI.
566 2258 724 2317 Cyrus,
747 2257 924 2300 subacta
942 2257 1062 2310 Asia,
1087 2265 1130 2298 et
1152 2256 1356 2297 universo
1380 2254 1561 2297 Oriente
1585 2253 1628 2295 in
1654 2269 1731 2313 po-

360 2344 553 2379 testatem
595 2334 789 2392 redacto,
830 2335 998 2396 Scythis
1034 2333 1198 2377 bellum
1237 2334 1381 2377 infert.
1411 2335 1517 2377 Erat
1546 2349 1597 2375 eo
1624 2342 1731 2375 tem-

357 2430 463 2475 pore
491 2414 748 2475 Scytharum
782 2415 932 2475 regina
958 2414 1176 2473 Tomyris,
1204 2429 1298 2472 quae
1338 2428 1426 2455 non
1461 2411 1731 2455 muliebriter

358 2492 546 2536 adventu
583 2494 772 2537 hostium
808 2494 975 2547 territa,
1004 2509 1139 2552 quum
1173 2492 1404 2552 prohibere
1433 2508 1505 2535 eos
1545 2491 1729 2534 transitu

360 2574 515 2617 Araxis
537 2573 730 2617 fluminis
758 2583 921 2633 posset,
942 2574 1125 2616 transire
1151 2574 1367 2633 permisit,
1396 2582 1438 2615 et
1462 2571 1542 2615 sibi
1569 2569 1732 2613 facilio-

360 2669 451 2696 rem
480 2669 672 2713 pugnam
699 2653 812 2696 intra
845 2654 968 2713 regni
996 2654 1060 2695 sui
1089 2653 1297 2696 terminos
1328 2662 1446 2704 rata,
1470 2661 1511 2694 ct
1537 2650 1732 2693 hostibus
