1783 3282
496 257 839 292 HISTORIARUM
867 260 953 293 Lm.
982 261 1044 293 XI.
1384 268 1450 299 107

88 340 266 393 fossum,
310 339 383 382 sed
424 339 660 398 spirantem
700 340 841 382 adhuc
883 341 1046 382 invenit
1081 358 1088 382 :
1128 344 1201 400 qui
1246 341 1450 402 applicito

87 420 249 477 capite,
278 433 412 476 quum
449 418 587 460 civem
623 435 673 461 ex
710 435 814 461 voce
855 419 1150 477 cognovisset,
1184 421 1269 462 «Id
1303 420 1447 463 saltem

87 497 306 555 praesentis
338 496 522 540 fortunae
555 496 757 539 solatium
786 496 946 539 habere
969 512 1012 538 se
1040 495 1170 550 dixit,
1193 497 1309 555 quod
1337 498 1451 557 apud

87 573 413 618 intellecturum
442 575 667 620 locuturus
698 585 826 631 esset,
852 592 930 618 nec
962 576 1177 618 incassum
1214 585 1449 633 postremas

85 671 211 698 voces
243 655 526 699 emissurus.»
548 655 736 699 Perferri
765 656 853 698 haee
892 653 1141 697 Alexandro
1171 653 1295 713 jubet
1329 671 1338 696 ε
1367 657 1452 699 «Se

86 732 218 775 nullis
249 734 290 775 in
323 749 423 776 eum
448 736 704 777 meritorum
728 732 906 776 officiis7
928 733 1218 774 maximorum
1247 730 1310 774 illi
1337 731 1454 776 debi-

87 821 226 854 torem
242 812 377 864 mori,
402 809 518 868 quod
542 811 586 852 in
611 818 746 851 matre
771 808 1002 868 liberisque
1025 811 1132 864 suis,
1157 811 1322 870 regium
1344 812 1454 870 ejus,

87 904 174 931 non
207 886 409 931 hostilem
439 888 633 931 animum
660 896 881 947 expertus,
910 887 1076 931 felicius
1102 888 1294 943 hostem,
1323 904 1450 948 quam

86 976 292 1027 cognatos
315 967 492 1010 sortitus
514 968 589 1022 sit;
621 967 783 1027 quippe
811 967 938 1010 matri
962 976 1003 1009 et
1026 965 1170 1010 liberis
1193 967 1278 1010 suis
1303 967 1355 1010 ab
1382 984 1454 1011 eo-

86 1045 184 1088 dem
203 1046 327 1089 hoste
350 1047 483 1089 vitam
508 1046 653 1089 datam
677 1063 684 1088 :
707 1045 784 1088 sibi
805 1062 827 1088 a
847 1046 1042 1106 cognatis
1063 1056 1252 1105 ereptam
1266 1079 1277 1101 ,
1298 1046 1454 1106 quibus

85 1135 126 1168 et
148 1126 282 1169 vitam
307 1135 349 1169 et
371 1142 502 1186 regna
528 1125 706 1169 dederit.
728 1125 1228 1185 Quamobrem-gratiam
1250 1124 1333 1167 illis
1358 1142 1452 1168 eam

85 1204 298 1258 futuram,
318 1221 448 1264 quam
477 1206 568 1264 ipse
597 1205 738 1247 victor
767 1203 895 1246 volet.
927 1203 1175 1246 Alexandro
1206 1203 1366 1247 referre
1388 1222 1451 1258 se,

86 1301 217 1343 quam
243 1283 378 1327 solani
406 1284 594 1326 moriens
622 1292 784 1342 potest,
810 1283 990 1342 gratiam
1019 1299 1027 1324 ε
1052 1282 1218 1341 precari
1248 1298 1451 1341 superum

85 1363 358 1423 inferumque
388 1363 593 1417 numina,
627 1372 669 1404 et
703 1360 870 1422 regales
913 1362 1034 1415 deos,
1059 1370 1104 1403 ut
1141 1360 1202 1403 illi
1237 1371 1449 1405 terrarum

84 1446 280 1489 omnium
307 1446 462 1488 victori
491 1446 717 1505 contingat
740 1444 987 1504 imperium.
1007 1446 1092 1486 Pro
1120 1460 1163 1486 se
1184 1444 1344 1503 justam
1368 1462 1453 1488 ma-

84 1526 167 1584 gis,
187 1541 315 1584 quam
346 1541 523 1585 gravem
548 1523 782 1583 sepulturae
807 1523 978 1565 veniam
996 1538 1133 1566 orare.
1153 1523 1285 1579 Quod
1310 1523 1364 1566 ad
1386 1523 1453 1566 ul-

85 1604 247 1647 tionem
270 1604 506 1663 pertineat,
527 1603 617 1661 jam
646 1618 735 1645 non
764 1618 904 1657 suam,
931 1601 1004 1644 sed
1030 1601 1234 1661 exempli,
1257 1619 1451 1646 commu-

85 1699 270 1742 nemque
295 1683 491 1727 omnium
524 1698 676 1742 regum
701 1697 790 1724 esse
815 1697 1011 1735 causam,
1044 1697 1175 1739 quam
1208 1680 1448 1742 negligere,

84 1760 144 1805 illi
165 1772 207 1804 et
229 1761 486 1804 indecorum
515 1769 557 1803 et
580 1759 872 1819 periculosum
902 1776 1023 1802 esse:
1051 1760 1213 1819 quippe
1243 1768 1376 1819 quum
1406 1762 1448 1804 in

84 1839 220 1883 altero
244 1841 420 1899 justitiae
442 1840 552 1899 ejus,
579 1840 623 1882 in
644 1838 780 1882 altero
806 1839 935 1881 etiam
959 1837 1177 1893 utilitatis,
1203 1855 1331 1882 causa
1352 1856 1447 1882 ver-

83 1928 212 1962 setur.
233 1921 284 1961 In
306 1935 436 1978 quam
464 1934 555 1961 rem
580 1918 760 1960 unicum
784 1917 942 1978 pignus
961 1916 1059 1959 fidei
1080 1918 1227 1978 regiae,
1255 1917 1449 1961 dextram

83 2015 126 2041 se
146 1997 368 2041 ferendam
386 1996 636 2041 Alexandro
662 1997 810 2040 dare.»
828 1998 933 2039 Post
954 1996 1062 2051 haec,
1082 2006 1283 2056 porrecta
1302 2013 1450 2051 manu,

84 2078 328 2137 exspiravit.
358 2077 467 2133 Quae
490 2077 565 2119 ubi
589 2074 838 2119 Alexandro
862 2075 1064 2118 nuntiata
1091 2085 1214 2129 sunt,
1241 2076 1331 2118 viso
1356 2092 1450 2119 cor-

84 2171 188 2214 pore
217 2153 430 2209 defuncti,
459 2165 544 2198 tam
576 2154 800 2214 indignam
828 2154 900 2198 illo
923 2154 1094 2214 fastigio
1116 2163 1299 2197 mortem
1315 2153 1450 2214 lacry-

84 2235 164 2277 mis
184 2244 438 2294 prosecutus
459 2242 545 2288 est;
566 2249 809 2293 corpusque
830 2234 949 2293 regio
971 2249 1090 2276 more
1112 2232 1306 2293 sepeliri,
1322 2242 1364 2276 et
1382 2250 1449 2276 re—

85 2312 237 2373 liquias
261 2314 351 2373 ejus
376 2314 591 2373 majorum
611 2312 787 2356 tumulis
813 2312 961 2355 inferri
972 2312 1113 2371 jussit.
