1783 3282
500 245 847 280 HISTORIARUM
878 247 965 280 LIB.
993 248 1037 280 11.
1407 257 1426 279 2
1439 258 1447 279 1

85 330 280 373 civitates
302 343 582 387 occupavere.
608 328 675 370 Ibi
698 328 888 387 Epheso,
905 326 1139 386 multisque
1157 328 1250 372 aliis
1273 328 1454 372 urbibus

86 407 299 462 conditis,
327 416 494 465 partem
530 407 744 449 exercitus
777 422 876 449 cum
915 406 1080 465 ingenti
1107 407 1250 465 praeda
1276 407 1453 451 domum

87 485 325 528 dimittunt.
351 483 544 543 Reliquae
562 519 572 540 ,
597 501 691 544 quae
707 484 760 528 ad
778 484 988 528 tuendum
1008 484 1121 527 Asiae
1143 485 1370 544 imperium
1390 503 1456 530 re-

85 574 350 619 manserant,
379 580 594 607 concursu
622 564 909 607 barbarorum
937 579 1036 606 cum
1063 564 1282 622 Marpesia
1309 567 1455 625 regina

86 644 420 687 interficiuntur.
456 646 506 687 In
537 643 667 703 hujus
699 643 843 686 locum
880 641 966 685 filia
999 643 1090 702 ejus
1114 642 1297 702 Orithya
1322 660 1455 703 regno

86 723 277 767 succedit
303 740 312 765 ε
337 724 426 778 cui,
450 731 605 782 praeter
628 721 892 782 singularem
908 720 1010 765 belli
1033 722 1277 778 scientiam,
1302 723 1455 765 eximia

85 812 263 846 servatae
287 803 329 844 in
352 818 479 845 omne
502 817 641 844 aevum
664 801 927 861 virginitatis
949 800 1181 844 admiratio
1204 800 1298 844 fuit.
1318 802 1456 861 Hujus

86 883 245 924 virtute
269 891 438 924 tantum
462 880 660 924 additum
691 879 837 941 gloriae
859 890 902 923 et
924 880 1047 924 famae
1072 883 1341 924 Amazonum
1364 893 1420 924 es}
1446 916 1456 937 ,

84 970 131 1004 ut
158 960 335 1004 Herculi
363 977 462 1015 rex,
488 961 557 1003 cui
582 976 645 1003 x11
675 959 889 1020 stipendia
916 959 1128 1016 debebat,
1155 961 1276 1020 quasi
1300 962 1459 1020 impos-

84 1039 232 1096 sibile,
262 1040 562 1100 imperaverit,
594 1049 639 1082 ut
664 1056 783 1082 arma
810 1041 968 1100 reginae
992 1041 1260 1083 Amazonum
1291 1040 1370 1083 sibi
1396 1041 1457 1083 as-

84 1119 225 1163 ferret.
251 1122 314 1163 Eo
338 1119 471 1180 igitur
494 1118 714 1178 profectus
739 1117 879 1178 longis
906 1135 1061 1162 novem
1090 1119 1293 1175 navibus,
1322 1121 1457 1162 comi-

86 1208 202 1242 tante
224 1199 471 1258 principum
494 1198 674 1242 Graeciae
693 1198 923 1257 juventute
937 1231 948 1253 ,
966 1198 1240 1257 inopinantes
1262 1199 1458 1259 aggredi—

87 1288 169 1320 tur.
193 1279 300 1322 Duae
324 1287 416 1320 tum
440 1293 608 1320 sorores
631 1279 903 1320 Amazonum
927 1293 1059 1337 regna
1076 1278 1340 1334 tractabant,
1367 1281 1457 1322 An-

85 1357 199 1416 tiope
231 1366 273 1399 et
311 1357 495 1416 Orithya
534 1373 542 1398 z
582 1355 655 1399 sed
691 1356 877 1416 Orithya
916 1355 1020 1399 foris
1060 1355 1224 1399 bellum
1266 1358 1455 1417 gerebat.

84 1436 223 1496 Igitur
245 1452 381 1495 quum
404 1434 612 1479 Hercules
635 1435 689 1478 ad
714 1434 815 1479 litus
841 1437 1113 1479 Amazonum
1136 1435 1370 1496 applicuit,
1396 1439 1458 1481 in-

83 1514 285 1574 frequens
317 1513 554 1557 multitudo
596 1531 695 1557 cum
728 1515 921 1574 Antiopa
956 1516 1124 1575 regina,
1162 1515 1268 1558 nihil
1301 1515 1457 1560 hostile

84 1604 304 1638 metuente
320 1629 331 1650 ,
354 1604 459 1637 erat.
486 1595 586 1650 Qua
612 1610 658 1636 re
685 1593 890 1636 effectum
919 1604 984 1637 est
1000 1629 1011 1650 ,
1039 1604 1087 1637 ut
1113 1610 1279 1654 paucae,
1308 1611 1458 1655 repen-

84 1675 177 1717 tino
200 1673 393 1717 tumultu
415 1674 584 1730 excitae,
614 1689 734 1716 arma
763 1683 1010 1730 sumerent,
1039 1673 1297 1733 facilemque
1318 1675 1457 1718 victo—

84 1753 192 1796 riam
220 1753 417 1796 hostibus
449 1753 615 1796 darent.
644 1751 797 1795 Multae
821 1754 967 1811 itaque
997 1769 1112 1796 caesae
1142 1763 1387 1813 captaeque:
1414 1755 1455 1797 in

84 1834 149 1877 his
173 1834 269 1876 duae
295 1834 496 1893 Antiopae
524 1849 693 1876 sorores
711 1867 722 1889 ,
749 1831 1001 1892 Menalippe
1031 1833 1084 1876 ab
1111 1833 1322 1890 Hercule,
1348 1834 1456 1894 Hip-

84 1911 228 1973 polyte
251 1929 274 1956 a
297 1913 477 1956 Theseo.
501 1913 585 1956 Sed
607 1912 817 1968 Theseus,
840 1911 1019 1956 obtenta
1042 1913 1085 1955 in
1109 1915 1335 1973 praemium
1361 1930 1458 1974 cap-

84 1994 191 2049 tiva,
214 1993 395 2037 eandem
417 1993 458 2035 in
481 1992 810 2035 matrimonium
831 1993 1084 2052 assumpsit,
1109 2003 1151 2036 et
1170 2010 1221 2035 ex
1241 2010 1289 2036 ea
1308 1995 1457 2054 genuit

83 2071 380 2133 Hippolytum.
407 2070 615 2115 Hercules
644 2081 743 2131 post
770 2072 1023 2128 victoriam,
1047 2071 1328 2132 Menalippen
1356 2090 1456 2133 cap-

83 2152 216 2195 tivam
243 2153 381 2195 sorori
409 2151 625 2206 reddidit,
653 2161 695 2194 et
724 2152 913 2210 pretium
941 2168 1062 2194 arma
1089 2152 1247 2212 reginae
1275 2154 1454 2212 accepit.

89 2232 227 2290 Atque
248 2231 310 2274 ita
327 2230 504 2274 functus
521 2231 723 2290 imperio,
740 2229 794 2273 ad
818 2246 963 2290 regem
986 2231 1233 2273 revertitur.
1259 2230 1343 2273 Sed
1358 2233 1457 2275 Ori-

84 2308 185 2368 thya
201 2344 212 2365 ,
235 2309 310 2352 ubi
331 2312 545 2370 comperit
571 2309 737 2354 bellum
768 2310 990 2353 sororibus
1022 2309 1209 2365 illatum,
1238 2320 1281 2353 et
1308 2320 1455 2370 rapto·

82 2405 174 2432 rem
216 2405 306 2432 esse
344 2390 677 2433 Atheniensium
721 2390 985 2450 principem,
1020 2390 1223 2433 hortatur
1257 2391 1457 2444 comites,

83 2470 384 2527 «Frustraque
413 2478 456 2511 et
484 2470 614 2512 Ponti
644 2470 807 2525 sinum,
835 2479 878 2512 et
909 2470 1058 2513 Asiam
1095 2468 1331 2511 edomitam
1368 2484 1457 2511 esse

83 2548 214 2603 dicit,
249 2550 281 2591 si
315 2549 572 2591 Graecorum
605 2566 692 2592 non
725 2559 814 2592 tam
845 2547 998 2604 bellis,
1028 2565 1158 2608 quam
1191 2549 1355 2607 rapinis
1387 2563 1458 2606 pa·

83 2638 215 2671 teant.
235 2648 254 2667 υ
280 2626 501 2671 Auxilium
529 2627 683 2670 deinde
707 2645 730 2670 a
753 2627 941 2687 Sagillo,
968 2644 1067 2687 rege
1090 2627 1293 2686 Scythiae,
1322 2627 1455 2686 petit:
