1783 3282
492 257 837 292 HISTORIARUM
870 257 957 291 Lxss.
984 260 1062 292 XV.
1390 264 1456 303 ยน47

94 356 244 383 somno
271 350 421 399 captus
434 340 616 399 jaceret,
637 339 703 382 leo
723 339 910 399 ingentis
932 340 1079 382 formae
1099 341 1153 383 ad
1172 342 1460 386 dormientem

92 420 286 475 accessit,
312 418 601 477 sudoremque
624 418 913 478 profluentem
944 416 1091 477 lingua
1120 420 1158 461 ei
1177 420 1371 477 detersit,
1392 437 1463 464 ex-

92 497 473 557 pergefactumque
503 497 660 540 blande
694 496 884 557 reliquit.
913 499 1007 540 Hoc
1038 496 1238 557 prodigio
1271 500 1461 557 primum

92 575 145 618 ad
166 592 285 635 spem
312 577 434 637 regni
463 576 690 636 impulsus,
716 576 949 620 contractis
974 575 1237 630 latronibus,
1255 577 1387 620 Indos
1407 578 1462 621 ad

92 655 330 698 novitatem
355 657 477 715 regni
506 655 766 698 sollicitavit.
796 655 997 698 Molienti
1018 653 1173 698 deinde
1197 653 1359 700 bellum
1387 657 1463 699 ad-

93 751 240 777 versus
265 734 486 794 praefectos
511 734 744 778 Alexandri
763 733 1018 793 elephantus
1036 733 1152 777 ferus
1173 732 1353 778 infinitae
1372 751 1464 779 ma-

94 813 330 873 gnitudinis
369 813 485 856 ultro
524 830 567 856 se
599 812 781 868 obtulit,
820 822 887 866 et,
915 812 1049 856 veluti
1074 813 1239 856 domita
1263 830 1466 858 mansue-

91 891 270 947 tudine,
295 907 394 934 eum
427 901 550 951 tergo
580 891 772 951 excepit,
806 891 980 950 duxque
1013 891 1137 946 belli,
1170 902 1212 935 et
1244 892 1466 953 proeliator

93 971 271 1031 insignis
295 970 389 1014 fuit.
417 971 485 1015 Sic
513 971 727 1030 acquisito
758 988 915 1031 regno,
944 971 1257 1016 Sandrocottus
1281 989 1330 1016 ea
1359 983 1466 1016 tem-

92 1060 283 1110 pestate,
310 1068 394 1110 qua
423 1050 627 1095 Seleucus
655 1050 813 1094 futurae
842 1051 1154 1111 magnitudinis
1183 1052 1466 1096 fundamenta

88 1131 297 1190 jaciebat,
326 1130 494 1174 Indiam
521 1130 768 1190 possidebat.
799 1147 806 1173 :
832 1147 931 1173 cum
965 1148 1072 1190 quo,
1101 1131 1212 1175 facta
1241 1133 1465 1192 pactione,

93 1209 321 1265 Seleucus,
361 1210 698 1269 compositisque
733 1210 776 1251 in
817 1211 998 1253 Oriente
1036 1211 1191 1266 rebus,
1223 1211 1266 1253 in
1301 1210 1464 1255 bellum

93 1289 301 1349 Antigoni
332 1288 567 1332 descendit.
599 1288 812 1332 Adunatis
847 1289 981 1348 igitur
1012 1290 1209 1332 omnium
1249 1290 1464 1333 sociorum

92 1368 247 1427 copiis,
266 1366 466 1427 proelium
489 1368 803 1421 committitur3
829 1369 871 1410 in
899 1384 949 1410 eo
970 1368 1216 1428 Antigonus
1234 1368 1466 1423 occiditur,

93 1448 363 1501 Demetrius,
383 1445 497 1489 filius
515 1447 622 1506 ejus,
638 1447 681 1489 in
703 1446 851 1506 fugam
871 1447 1071 1490 vertitur.
1088 1446 1172 1490 Sed
1187 1447 1304 1502 socii,
1317 1447 1466 1507 profli-

93 1536 193 1586 gato
216 1525 362 1569 hostili
380 1525 515 1581 bello,
541 1526 684 1570 denuo
712 1528 754 1569 in
780 1536 914 1569 semet
942 1527 1056 1586 ipsos
1076 1543 1197 1570 arma
1219 1537 1468 1583 verterunt,

93 1615 134 1648 et
159 1622 294 1665 quum
316 1606 367 1649 (le
387 1605 531 1666 praeda
552 1623 639 1649 non
660 1607 940 1649 convenirent
957 1640 968 1662 ,
992 1606 1151 1649 iterum
1177 1607 1220 1648 in
1247 1606 1353 1649 duas
1378 1607 1465 1650 fac-

94 1685 231 1729 tiones
267 1685 547 1729 diducuntur.
577 1685 780 1729 Seleucus
813 1686 1065 1740 Demetrio,
1090 1684 1349 1729 Ptolemaeus
1378 1688 1466 1746 Ly-

94 1765 283 1808 simacho
301 1767 561 1826 junguntur.
593 1765 841 1808 Cassandro
869 1764 1073 1808 defuncto
1101 1763 1328 1824 Philippus
1352 1764 1466 1809 filius

93 1844 295 1887 succedit.
323 1846 410 1899 Sic,
439 1845 561 1903 quasi
595 1861 647 1887 ex
683 1845 873 1904 integro,
902 1860 1015 1887 nova
1052 1843 1321 1886 Macedoniae
1354 1844 1464 1887 bella

93 1933 340 1966 nascuntur.

1204 2724 1271 2753 10.
