1783 3282
311 264 320 285 1
332 255 376 293 43}
895 249 913 282 J
918 248 1081 282 USTINI

306 332 561 376 Ptolemaeus
598 348 790 390 quoque,
822 348 874 373 ne
908 331 1087 373 minoris
1117 328 1231 387 apud
1272 344 1371 371 suos
1401 328 1671 372 auctoritatis

307 411 565 465 haberetur,
585 426 660 452 rex
678 410 730 453 ab
759 410 948 452 exercitu
974 407 1321 466 cognominatur.
1348 407 1520 462 Quibus
1549 406 1673 448 audi-

308 492 380 545 tis,
413 487 655 532 Cassander
686 498 729 531 et
753 486 1058 546 Lysimachus,
1089 493 1132 525 et
1163 484 1244 543 ipsi
1272 484 1435 544 regiam
1469 485 1550 530 sibi
1582 501 1674 527 ma-

307 570 505 628 jestatem
533 567 878 609 vindicaverunt.
900 564 1038 622 Hujus
1065 562 1243 604 honoris
1267 565 1534 605 ornamentis
1562 573 1674 605 tam-

310 647 382 689 diu
402 663 551 689 omnes
573 646 898 697 abstinuerunt,
917 641 1123 701 quamdiu
1140 640 1217 683 filii
1239 642 1351 700 regis
1367 642 1432 683 sui
1453 657 1675 701 superesse

311 734 561 786 potuerunt.
579 726 717 766 Tanta
741 724 785 764 in
812 721 896 764 illis
921 719 1184 763 verecundia
1203 719 1303 774 fuit,
1331 729 1394 775 ut,
1420 736 1555 778 quum
1572 736 1675 778 opes

312 805 449 864 regias
482 802 713 857 haberent,
743 817 896 861 regum
925 810 1070 842 tamen
1100 799 1350 841 nominibus
1378 815 1501 857 aequo
1532 799 1676 841 animo

313 883 547 936 caruerint,
577 880 694 940 quod
729 878 974 923 Alexandro
1003 878 1146 937 justus
1184 876 1308 919 heres
1335 876 1427 919 fuit.
1459 876 1542 919 Sed
1573 879 1676 920 Pto-

314 960 483 1004 lemaeus
511 969 551 1001 et
579 958 839 1012 Cassander,
859 958 1076 1015 ceterique
1103 956 1301 999 factionis
1325 955 1501 998 alterius
1528 956 1677 1011 duces,

313 1055 447 1097 quum
476 1037 593 1096 carpi
613 1053 656 1079 se
681 1035 872 1095 singulos
899 1036 951 1077 ab
977 1036 1197 1094 Antigono
1220 1034 1441 1088 viderent3
1463 1034 1566 1076 dum
1593 1035 1680 1093 pri-

316 1126 461 1158 vatum
494 1113 785 1174 singulorum,
815 1130 902 1156 non
928 1128 1158 1155 commune
1186 1112 1488 1154 universorum
1516 1111 1679 1155 bellum

316 1195 498 1250 ducunt,
527 1210 604 1236 nec
634 1191 843 1235 auxilium
862 1192 973 1234 ferre
1004 1190 1128 1233 alteri
1156 1190 1327 1246 volunt,
1351 1191 1472 1249 quasi
1498 1191 1680 1233 victoria

317 1274 471 1328 unius,
495 1288 582 1314 non
608 1272 804 1314 omnium
820 1270 954 1326 foret,
978 1287 1054 1330 per
1070 1269 1272 1330 epistolas
1300 1287 1342 1313 se
1371 1269 1556 1313 invicem
1581 1286 1682 1313 con-

316 1351 559 1406 firmantes,
588 1359 759 1410 tempus
782 1359 826 1392 et
848 1348 993 1392 locum
1019 1349 1203 1392 coeundi
1227 1349 1480 1403 condicunt,
1499 1347 1684 1391 bellum-

317 1447 400 1491 que
427 1430 732 1473 communibus
760 1429 925 1472 viribus
954 1429 1190 1472 instruunt.
1218 1429 1300 1471 Cui
1332 1444 1466 1487 quum
1498 1428 1682 1470 Cassan-

318 1510 394 1552 der
422 1511 627 1553 interesse
655 1517 833 1568 propter
860 1507 1094 1550 finitimum
1122 1506 1286 1550 bellum
1305 1524 1392 1550 non
1422 1510 1684 1566 posset,Ly-

320 1588 560 1630 simachum
580 1604 678 1630 cum
693 1587 941 1647 ingentibus
957 1587 1091 1645 copiis
1107 1587 1150 1628 in
1164 1585 1373 1628 auxilium
1394 1587 1518 1629 sociis
1535 1587 1684 1630 mittit.

381 1669 459 1710 ΠΙ.
488 1669 594 1710 Erat
619 1667 690 1709 hic
718 1666 1000 1725 Lysimachus
1031 1664 1189 1708 illustri
1219 1665 1392 1725 quidem
1419 1665 1687 1709 Macedoniae

320 1745 414 1788 loco
454 1755 606 1799 natus,
644 1745 717 1787 sed
756 1745 930 1787 virtutis
960 1745 1266 1803 experimentis
1302 1746 1422 1787 omni
1459 1744 1687 1787 nobilitate

320 1823 476 1867 clarior
493 1840 501 1865 ε
521 1840 615 1882 quae
636 1833 755 1866 tanta
774 1823 816 1865 in
832 1821 907 1864 illo
923 1822 1022 1877 suit,
1041 1833 1089 1865 ut
1104 1823 1235 1865 animi
1255 1823 1573 1883 magnitudine,
1592 1824 1689 1883 phi-

322 1902 516 1961 losophia
546 1902 656 1961 ipsa,
681 1902 925 1960 viriumque
951 1900 1087 1961 gloria
1113 1918 1283 1957 omnes,
1308 1919 1385 1961 per
1405 1919 1512 1961 quos
1531 1904 1688 1946 Oriens

322 1981 511 2023 domitus
542 1990 626 2035 est,
660 1981 823 2022 vicerit.
858 1980 1034 2039 Quippe
1069 1996 1203 2039 quum
1232 1980 1475 2024 Alexander
1500 1983 1690 2042 Magnus

323 2059 633 2104 Callisthenem
655 2058 983 2119 philosophum,
1016 2068 1194 2118 propter
1219 2058 1489 2103 salutationis
1516 2061 1691 2118 persicae

326 2138 649 2199 interpellatum
677 2155 869 2193 morem,
894 2138 1170 2194 insidiarum,
1191 2155 1284 2197 quae
1313 2139 1390 2181 sibi
1417 2149 1575 2198 paratae
1599 2138 1692 2182 fue-

324 2218 680 2273 rant,conscium
710 2217 840 2260 fuisse
865 2218 1000 2260 iratus
1024 2216 1242 2271 finxisset3
1271 2233 1458 2276 eumque
1484 2218 1693 2261 truncatis

326 2296 560 2339 crudeliter
597 2297 800 2339 omnibus
834 2296 1063 2350 membris,
1096 2297 1378 2355 abscissisque
1409 2296 1611 2352 auribus,
1647 2313 1695 2339 ac

326 2391 450 2429 naso,
483 2374 714 2434 labiisque,
758 2375 950 2417 deforme
991 2390 1040 2416 ac
1072 2375 1368 2418 miserandum
1402 2375 1694 2435 spectaculum

327 2453 609 2507 reddidisset,
632 2454 807 2512 insuper
832 2469 931 2495 cum
950 2470 1053 2496 cane
1082 2455 1125 2496 in
1153 2470 1281 2497 cavea
1301 2454 1517 2509 clausum,
1535 2454 1588 2497 ad
1606 2470 1695 2497 me-

328 2542 420 2574 tum
453 2541 721 2587 ceterorum,
747 2532 1047 2575 circumferret
1069 2549 1077 2574 :
1098 2542 1202 2575 tunc
1226 2534 1529 2592 Lysimachus,
1548 2533 1696 2576 audire

327 2609 662 2665 Callisthenem,
697 2621 736 2653 et
767 2621 979 2671 praecepta
1008 2612 1060 2654 ab
1091 2628 1141 2654 eo
1170 2613 1344 2655 virtutis
1367 2613 1560 2672 accipere
1596 2611 1696 2654 soli-
