<?xml version="1.0" encoding="UTF-8"?>
<!DOCTYPE html PUBLIC "-//W3C//DTD XHTML 1.0 Transitional//EN"
    "http://www.w3.org/TR/xhtml1/DTD/xhtml1-transitional.dtd">
<html xmlns="http://www.w3.org/1999/xhtml" xml:lang="en" lang="en">
 <head>
  <title>
</title>
<meta http-equiv="Content-Type" content="text/html;charset=utf-8" />
  <meta name='ocr-system' content='tesseract 3.04.00' />
  <meta name='ocr-capabilities' content='ocr_page ocr_carea ocr_par ocr_line ocrx_word'/>
</head>
<body>
  <div class='ocr_page' id='page_1' title='image "./historiarumphili01justuoft_0036.png"; bbox 0 0 1783 3282; ppageno 0'>
   <div class='ocr_carea' id='block_1_1' title="bbox 339 308 1721 2744">
    <p class='ocr_par' dir='ltr' id='par_1_1' title="bbox 343 308 1116 343">
     <span class='ocr_line' id='line_1_1' title="bbox 343 308 1116 343; baseline 0.001 -1"><span class='ocrx_word' id='word_1_1' title='bbox 343 308 387 342; x_wconf 84' lang='lat'>18</span> <span class='ocrx_word' id='word_1_2' title='bbox 930 309 1116 343; x_wconf 87' lang='lat' dir='ltr'>JUSTINI</span> 
     </span>
    </p>

    <p class='ocr_par' dir='ltr' id='par_1_2' title="bbox 339 391 1708 609">
     <span class='ocr_line' id='line_1_2' title="bbox 339 391 1708 451; baseline 0.001 -18"><span class='ocrx_word' id='word_1_3' title='bbox 339 391 529 434; x_wconf 86' lang='lat' dir='ltr'>tionibus</span> <span class='ocrx_word' id='word_1_4' title='bbox 556 407 733 451; x_wconf 80' lang='lat' dir='ltr'>regum,</span> <span class='ocrx_word' id='word_1_5' title='bbox 759 392 846 434; x_wconf 87' lang='lat' dir='ltr'>sive</span> <span class='ocrx_word' id='word_1_6' title='bbox 873 391 961 435; x_wconf 89' lang='lat' dir='ltr'>Nili</span> <span class='ocrx_word' id='word_1_7' title='bbox 985 392 1196 434; x_wconf 83' lang='lat' dir='ltr'>trahentis</span> <span class='ocrx_word' id='word_1_8' title='bbox 1220 391 1374 435; x_wconf 88' lang='lat' dir='ltr'>limum</span> <span class='ocrx_word' id='word_1_9' title='bbox 1399 402 1614 436; x_wconf 88' lang='lat' dir='ltr'>terrarum</span> <span class='ocrx_word' id='word_1_10' title='bbox 1643 408 1708 434; x_wconf 85' lang='lat' dir='ltr'>re-</span> 
     </span>
     <span class='ocr_line' id='line_1_3' title="bbox 340 470 1708 530; baseline 0 -19"><span class='ocrx_word' id='word_1_11' title='bbox 340 471 588 513; x_wconf 89' lang='lat' dir='ltr'>centissima</span> <span class='ocrx_word' id='word_1_12' title='bbox 618 470 869 513; x_wconf 83' lang='lat' dir='ltr'>videatur.»</span> <span class='ocrx_word' id='word_1_13' title='bbox 907 471 983 513; x_wconf 89' lang='lat' dir='ltr'>His</span> <span class='ocrx_word' id='word_1_14' title='bbox 1028 471 1161 529; x_wconf 86' lang='lat' dir='ltr'>igitur</span> <span class='ocrx_word' id='word_1_15' title='bbox 1193 471 1461 530; x_wconf 82' lang='lat' dir='ltr'>argumentis</span> <span class='ocrx_word' id='word_1_16' title='bbox 1496 470 1708 530; x_wconf 88' lang='lat' dir='ltr'>superatis</span> 
     </span>
     <span class='ocr_line' id='line_1_4' title="bbox 339 549 1360 609; baseline -0.001 -17"><span class='ocrx_word' id='word_1_17' title='bbox 339 550 568 609; x_wconf 72' lang='lat' dir='ltr'>AEgypffis,</span> <span class='ocrx_word' id='word_1_18' title='bbox 592 550 858 608; x_wconf 78' lang='lat' dir='ltr'>antiquiores</span> <span class='ocrx_word' id='word_1_19' title='bbox 882 565 1052 608; x_wconf 81' lang='lat' dir='ltr'><strong>semper</strong></span> <span class='ocrx_word' id='word_1_20' title='bbox 1073 549 1246 607; x_wconf 73' lang='lat' dir='ltr'>Scythae</span> <span class='ocrx_word' id='word_1_21' title='bbox 1268 550 1360 592; x_wconf 89' lang='lat' dir='ltr'>visi.</span> 
     </span>
    </p>

    <p class='ocr_par' dir='ltr' id='par_1_3' title="bbox 339 627 1721 2744">
     <span class='ocr_line' id='line_1_5' title="bbox 403 627 1708 689; baseline -0.001 -18"><span class='ocrx_word' id='word_1_22' title='bbox 403 631 458 672; x_wconf 91' lang='grc' dir='ltr'>Π.</span> <span class='ocrx_word' id='word_1_23' title='bbox 483 629 657 689; x_wconf 78' lang='lat' dir='ltr'>Scythia</span> <span class='ocrx_word' id='word_1_24' title='bbox 680 638 824 672; x_wconf 84' lang='lat' dir='ltr'>autem</span> <span class='ocrx_word' id='word_1_25' title='bbox 844 629 887 671; x_wconf 91' lang='lat' dir='ltr'>in</span> <span class='ocrx_word' id='word_1_26' title='bbox 904 629 1130 672; x_wconf 84' lang='lat' dir='ltr'>Orientem</span> <span class='ocrx_word' id='word_1_27' title='bbox 1148 638 1368 686; x_wconf 76' lang='lat' dir='ltr'>porrecta,</span> <span class='ocrx_word' id='word_1_28' title='bbox 1394 627 1633 671; x_wconf 85' lang='lat' dir='ltr'>includitur</span> <span class='ocrx_word' id='word_1_29' title='bbox 1655 628 1708 671; x_wconf 86' lang='lat' dir='ltr'>ab</span> 
     </span>
     <span class='ocr_line' id='line_1_6' title="bbox 342 706 1709 766; baseline -0.001 -16"><span class='ocrx_word' id='word_1_30' title='bbox 342 723 427 750; x_wconf 91' lang='lat' dir='ltr'>uno</span> <span class='ocrx_word' id='word_1_31' title='bbox 452 706 586 751; x_wconf 86' lang='lat' dir='ltr'>latere</span> <span class='ocrx_word' id='word_1_32' title='bbox 612 710 772 763; x_wconf 83' lang='lat' dir='ltr'>Ponto,</span> <span class='ocrx_word' id='word_1_33' title='bbox 802 707 854 750; x_wconf 86' lang='lat' dir='ltr'>ab</span> <span class='ocrx_word' id='word_1_34' title='bbox 881 706 1017 750; x_wconf 88' lang='lat' dir='ltr'>altero</span> <span class='ocrx_word' id='word_1_35' title='bbox 1045 707 1267 749; x_wconf 86' lang='lat' dir='ltr'>montibus</span> <span class='ocrx_word' id='word_1_36' title='bbox 1293 706 1482 765; x_wconf 84' lang='lat' dir='ltr'>Rhipaeis</span> <span class='ocrx_word' id='word_1_37' title='bbox 1508 723 1516 749; x_wconf 92' lang='lat'>:</span> <span class='ocrx_word' id='word_1_38' title='bbox 1540 723 1564 749; x_wconf 89' lang='lat' dir='ltr'>a</span> <span class='ocrx_word' id='word_1_39' title='bbox 1586 716 1709 766; x_wconf 87' lang='lat' dir='ltr'>tergo</span> 
     </span>
     <span class='ocr_line' id='line_1_7' title="bbox 339 784 1711 845; baseline -0.001 -16"><span class='ocrx_word' id='word_1_40' title='bbox 339 787 441 830; x_wconf 87' lang='lat' dir='ltr'>Asia</span> <span class='ocrx_word' id='word_1_41' title='bbox 463 797 505 829; x_wconf 88' lang='lat' dir='ltr'>et</span> <span class='ocrx_word' id='word_1_42' title='bbox 531 787 660 830; x_wconf 84' lang='lat' dir='ltr'>Phasi</span> <span class='ocrx_word' id='word_1_43' title='bbox 688 786 878 829; x_wconf 89' lang='lat' dir='ltr'>flumine.</span> <span class='ocrx_word' id='word_1_44' title='bbox 908 784 1100 829; x_wconf 84' lang='lat' dir='ltr'>Multum</span> <span class='ocrx_word' id='word_1_45' title='bbox 1127 786 1170 827; x_wconf 91' lang='lat' dir='ltr'>in</span> <span class='ocrx_word' id='word_1_46' title='bbox 1199 784 1518 845; x_wconf 85' lang='lat' dir='ltr'>longitudinem</span> <span class='ocrx_word' id='word_1_47' title='bbox 1545 795 1588 827; x_wconf 92' lang='lat' dir='ltr'>et</span> <span class='ocrx_word' id='word_1_48' title='bbox 1615 784 1711 828; x_wconf 89' lang='lat' dir='ltr'>lati-</span> 
     </span>
     <span class='ocr_line' id='line_1_8' title="bbox 339 863 1712 926; baseline -0.001 -18"><span class='ocrx_word' id='word_1_49' title='bbox 339 866 537 909; x_wconf 88' lang='lat' dir='ltr'>tudinem</span> <span class='ocrx_word' id='word_1_50' title='bbox 571 876 705 926; x_wconf 89' lang='lat' dir='ltr'>patet.</span> <span class='ocrx_word' id='word_1_51' title='bbox 740 865 1000 909; x_wconf 88' lang='lat' dir='ltr'>Hominibus</span> <span class='ocrx_word' id='word_1_52' title='bbox 1036 866 1149 908; x_wconf 90' lang='lat' dir='ltr'>inter</span> <span class='ocrx_word' id='word_1_53' title='bbox 1182 881 1226 907; x_wconf 93' lang='lat' dir='ltr'>se</span> <span class='ocrx_word' id='word_1_54' title='bbox 1262 863 1369 907; x_wconf 89' lang='lat' dir='ltr'>nulli</span> <span class='ocrx_word' id='word_1_55' title='bbox 1405 864 1537 907; x_wconf 83' lang='lat' dir='ltr'>fines:</span> <span class='ocrx_word' id='word_1_56' title='bbox 1571 880 1712 923; x_wconf 91' lang='lat' dir='ltr'>neque</span> 
     </span>
     <span class='ocr_line' id='line_1_9' title="bbox 339 942 1711 1006; baseline -0.001 -18"><span class='ocrx_word' id='word_1_57' title='bbox 339 946 455 988; x_wconf 83' lang='lat' dir='ltr'>enim</span> <span class='ocrx_word' id='word_1_58' title='bbox 480 961 633 1006; x_wconf 81' lang='lat' dir='ltr'>agrum</span> <span class='ocrx_word' id='word_1_59' title='bbox 658 955 881 988; x_wconf 83' lang='lat' dir='ltr'>exercent:</span> <span class='ocrx_word' id='word_1_60' title='bbox 906 961 986 987; x_wconf 91' lang='lat' dir='ltr'>nec</span> <span class='ocrx_word' id='word_1_61' title='bbox 1016 944 1170 988; x_wconf 89' lang='lat' dir='ltr'>domus</span> <span class='ocrx_word' id='word_1_62' title='bbox 1188 942 1271 987; x_wconf 92' lang='lat' dir='ltr'>illis</span> <span class='ocrx_word' id='word_1_63' title='bbox 1300 943 1405 999; x_wconf 80' lang='lat' dir='ltr'>ulla,</span> <span class='ocrx_word' id='word_1_64' title='bbox 1429 953 1505 986; x_wconf 88' lang='lat' dir='ltr'>aut</span> <span class='ocrx_word' id='word_1_65' title='bbox 1528 952 1711 998; x_wconf 86' lang='lat' dir='ltr'>tectum,</span> 
     </span>
     <span class='ocr_line' id='line_1_10' title="bbox 340 1023 1713 1082; baseline -0.001 -15"><span class='ocrx_word' id='word_1_66' title='bbox 340 1034 416 1067; x_wconf 87' lang='lat' dir='ltr'>aut</span> <span class='ocrx_word' id='word_1_67' title='bbox 438 1024 558 1067; x_wconf 90' lang='lat' dir='ltr'>sedes</span> <span class='ocrx_word' id='word_1_68' title='bbox 581 1034 670 1079; x_wconf 80' lang='lat' dir='ltr'>est,</span> <span class='ocrx_word' id='word_1_69' title='bbox 696 1033 893 1066; x_wconf 85' lang='lat' dir='ltr'>armenta</span> <span class='ocrx_word' id='word_1_70' title='bbox 915 1033 958 1065; x_wconf 89' lang='lat' dir='ltr'>et</span> <span class='ocrx_word' id='word_1_71' title='bbox 986 1039 1143 1082; x_wconf 90' lang='lat' dir='ltr'>pecora</span> <span class='ocrx_word' id='word_1_72' title='bbox 1166 1039 1335 1082; x_wconf 86' lang='lat' dir='ltr'>semper</span> <span class='ocrx_word' id='word_1_73' title='bbox 1357 1023 1652 1082; x_wconf 82' lang='lat' dir='ltr'>pascentibus,</span> <span class='ocrx_word' id='word_1_74' title='bbox 1670 1032 1713 1065; x_wconf 92' lang='lat' dir='ltr'>et</span> 
     </span>
     <span class='ocr_line' id='line_1_11' title="bbox 340 1100 1713 1161; baseline -0.001 -16"><span class='ocrx_word' id='word_1_75' title='bbox 340 1119 416 1161; x_wconf 87' lang='lat' dir='ltr'>per</span> <span class='ocrx_word' id='word_1_76' title='bbox 439 1102 625 1146; x_wconf 82' lang='lat' dir='ltr'>incultas</span> <span class='ocrx_word' id='word_1_77' title='bbox 649 1101 903 1145; x_wconf 85' lang='lat' dir='ltr'>solitudines</span> <span class='ocrx_word' id='word_1_78' title='bbox 926 1118 1071 1144; x_wconf 84' lang='lat' dir='ltr'>errare</span> <span class='ocrx_word' id='word_1_79' title='bbox 1099 1100 1249 1144; x_wconf 89' lang='lat' dir='ltr'>solitis.</span> <span class='ocrx_word' id='word_1_80' title='bbox 1275 1103 1445 1144; x_wconf 82' lang='lat' dir='ltr'>Uxores</span> <span class='ocrx_word' id='word_1_81' title='bbox 1467 1100 1713 1160; x_wconf 89' lang='lat' dir='ltr'>liberosque</span> 
     </span>
     <span class='ocr_line' id='line_1_12' title="bbox 341 1180 1714 1241; baseline -0.001 -17"><span class='ocrx_word' id='word_1_82' title='bbox 341 1198 487 1224; x_wconf 90' lang='lat' dir='ltr'>secum</span> <span class='ocrx_word' id='word_1_83' title='bbox 510 1183 554 1224; x_wconf 91' lang='lat' dir='ltr'>in</span> <span class='ocrx_word' id='word_1_84' title='bbox 581 1181 784 1241; x_wconf 88' lang='lat' dir='ltr'>plaustris</span> <span class='ocrx_word' id='word_1_85' title='bbox 807 1181 998 1236; x_wconf 73' lang='lat' dir='ltr'>vehunt,</span> <span class='ocrx_word' id='word_1_86' title='bbox 1022 1181 1209 1239; x_wconf 84' lang='lat' dir='ltr'>quibus,</span> <span class='ocrx_word' id='word_1_87' title='bbox 1239 1180 1367 1222; x_wconf 86' lang='lat' dir='ltr'>coriis</span> <span class='ocrx_word' id='word_1_88' title='bbox 1395 1180 1602 1223; x_wconf 89' lang='lat' dir='ltr'>imbrium</span> <span class='ocrx_word' id='word_1_89' title='bbox 1626 1181 1714 1223; x_wconf 91' lang='lat' dir='ltr'>hie-</span> 
     </span>
     <span class='ocr_line' id='line_1_13' title="bbox 340 1260 1715 1320; baseline -0.001 -17"><span class='ocrx_word' id='word_1_90' title='bbox 340 1261 510 1320; x_wconf 87' lang='lat' dir='ltr'>misque</span> <span class='ocrx_word' id='word_1_91' title='bbox 539 1277 667 1304; x_wconf 86' lang='lat' dir='ltr'>causa</span> <span class='ocrx_word' id='word_1_92' title='bbox 691 1262 836 1316; x_wconf 76' lang='lat' dir='ltr'>tectis,</span> <span class='ocrx_word' id='word_1_93' title='bbox 858 1277 939 1320; x_wconf 92' lang='lat' dir='ltr'>pro</span> <span class='ocrx_word' id='word_1_94' title='bbox 961 1260 1163 1303; x_wconf 87' lang='lat' dir='ltr'>domibus</span> <span class='ocrx_word' id='word_1_95' title='bbox 1186 1268 1385 1302; x_wconf 89' lang='lat' dir='ltr'>utuntur.</span> <span class='ocrx_word' id='word_1_96' title='bbox 1413 1260 1588 1302; x_wconf 85' lang='lat' dir='ltr'>Justitia</span> <span class='ocrx_word' id='word_1_97' title='bbox 1614 1275 1715 1319; x_wconf 86' lang='lat' dir='ltr'>gen-</span> 
     </span>
     <span class='ocr_line' id='line_1_14' title="bbox 340 1337 1716 1400; baseline -0.001 -18"><span class='ocrx_word' id='word_1_98' title='bbox 340 1341 395 1383; x_wconf 90' lang='lat' dir='ltr'>tis</span> <span class='ocrx_word' id='word_1_99' title='bbox 419 1341 601 1400; x_wconf 84' lang='lat' dir='ltr'>ingeniis</span> <span class='ocrx_word' id='word_1_100' title='bbox 629 1339 771 1395; x_wconf 78' lang='lat' dir='ltr'>culta,</span> <span class='ocrx_word' id='word_1_101' title='bbox 800 1356 887 1383; x_wconf 91' lang='lat' dir='ltr'>non</span> <span class='ocrx_word' id='word_1_102' title='bbox 914 1338 1093 1399; x_wconf 82' lang='lat' dir='ltr'>legibus.</span> <span class='ocrx_word' id='word_1_103' title='bbox 1122 1337 1306 1382; x_wconf 87' lang='lat' dir='ltr'>Nullum</span> <span class='ocrx_word' id='word_1_104' title='bbox 1335 1337 1474 1381; x_wconf 90' lang='lat' dir='ltr'>scelus</span> <span class='ocrx_word' id='word_1_105' title='bbox 1501 1338 1617 1398; x_wconf 86' lang='lat' dir='ltr'>apud</span> <span class='ocrx_word' id='word_1_106' title='bbox 1643 1354 1716 1382; x_wconf 89' lang='lat' dir='ltr'>eos</span> 
     </span>
     <span class='ocr_line' id='line_1_15' title="bbox 340 1418 1715 1479; baseline 0 -18"><span class='ocrx_word' id='word_1_107' title='bbox 340 1418 459 1462; x_wconf 82' lang='lat' dir='ltr'>furto</span> <span class='ocrx_word' id='word_1_108' title='bbox 487 1420 688 1479; x_wconf 84' lang='lat' dir='ltr'>gravius:</span> <span class='ocrx_word' id='word_1_109' title='bbox 718 1421 878 1479; x_wconf 88' lang='lat' dir='ltr'>quippe</span> <span class='ocrx_word' id='word_1_110' title='bbox 907 1420 997 1462; x_wconf 90' lang='lat' dir='ltr'>sine</span> <span class='ocrx_word' id='word_1_111' title='bbox 1023 1428 1139 1461; x_wconf 86' lang='lat' dir='ltr'>tecto</span> <span class='ocrx_word' id='word_1_112' title='bbox 1167 1418 1528 1477; x_wconf 88' lang='lat' dir='ltr'>munimentoque</span> <span class='ocrx_word' id='word_1_113' title='bbox 1555 1434 1715 1478; x_wconf 87' lang='lat' dir='ltr'>pecora</span> 
     </span>
     <span class='ocr_line' id='line_1_16' title="bbox 341 1495 1715 1557; baseline -0.001 -17"><span class='ocrx_word' id='word_1_114' title='bbox 341 1507 383 1540; x_wconf 87' lang='lat' dir='ltr'>et</span> <span class='ocrx_word' id='word_1_115' title='bbox 405 1508 602 1541; x_wconf 90' lang='lat' dir='ltr'>armenta</span> <span class='ocrx_word' id='word_1_116' title='bbox 625 1499 738 1540; x_wconf 92' lang='lat' dir='ltr'>inter</span> <span class='ocrx_word' id='word_1_117' title='bbox 761 1497 899 1557; x_wconf 73' lang='lat' dir='ltr'>sylvas</span> <span class='ocrx_word' id='word_1_118' title='bbox 919 1497 1181 1540; x_wconf 85' lang='lat' dir='ltr'>habentibus</span> <span class='ocrx_word' id='word_1_119' title='bbox 1206 1496 1311 1556; x_wconf 93' lang='lat' dir='ltr'>quid</span> <span class='ocrx_word' id='word_1_120' title='bbox 1335 1495 1503 1539; x_wconf 88' lang='lat' dir='ltr'>salvum</span> <span class='ocrx_word' id='word_1_121' title='bbox 1526 1507 1656 1552; x_wconf 79' lang='lat' dir='ltr'>esset,</span> <span class='ocrx_word' id='word_1_122' title='bbox 1680 1498 1715 1540; x_wconf 89' lang='lat' dir='ltr'>si</span> 
     </span>
     <span class='ocr_line' id='line_1_17' title="bbox 341 1574 1716 1636; baseline -0.001 -17"><span class='ocrx_word' id='word_1_123' title='bbox 341 1574 476 1619; x_wconf 86' lang='lat' dir='ltr'>furari</span> <span class='ocrx_word' id='word_1_124' title='bbox 513 1575 691 1619; x_wconf 71' lang='lat' dir='ltr'>liceret?</span> <span class='ocrx_word' id='word_1_125' title='bbox 727 1581 897 1619; x_wconf 88' lang='lat' dir='ltr'>Aurum</span> <span class='ocrx_word' id='word_1_126' title='bbox 928 1586 969 1619; x_wconf 92' lang='lat' dir='ltr'>et</span> <span class='ocrx_word' id='word_1_127' title='bbox 1000 1586 1230 1636; x_wconf 79' lang='lat' dir='ltr'>argentum</span> <span class='ocrx_word' id='word_1_128' title='bbox 1266 1575 1445 1635; x_wconf 89' lang='lat' dir='ltr'>perinde</span> <span class='ocrx_word' id='word_1_129' title='bbox 1480 1592 1716 1635; x_wconf 89' lang='lat' dir='ltr'>aspernan-</span> 
     </span>
     <span class='ocr_line' id='line_1_18' title="bbox 343 1653 1717 1714; baseline 0.001 -17"><span class='ocrx_word' id='word_1_130' title='bbox 343 1664 440 1710; x_wconf 81' lang='lat' dir='ltr'>tur,</span> <span class='ocrx_word' id='word_1_131' title='bbox 478 1671 527 1698; x_wconf 90' lang='lat' dir='ltr'>ac</span> <span class='ocrx_word' id='word_1_132' title='bbox 563 1653 719 1714; x_wconf 86' lang='lat' dir='ltr'>reliqui</span> <span class='ocrx_word' id='word_1_133' title='bbox 747 1653 952 1698; x_wconf 87' lang='lat' dir='ltr'>mortales</span> <span class='ocrx_word' id='word_1_134' title='bbox 976 1664 1201 1714; x_wconf 88' lang='lat' dir='ltr'>appetunt.</span> <span class='ocrx_word' id='word_1_135' title='bbox 1228 1656 1361 1697; x_wconf 85' lang='lat' dir='ltr'>Lacte</span> <span class='ocrx_word' id='word_1_136' title='bbox 1395 1664 1438 1698; x_wconf 92' lang='lat' dir='ltr'>et</span> <span class='ocrx_word' id='word_1_137' title='bbox 1463 1653 1591 1698; x_wconf 91' lang='lat' dir='ltr'>melle</span> <span class='ocrx_word' id='word_1_138' title='bbox 1625 1671 1717 1698; x_wconf 89' lang='lat' dir='ltr'>ves-</span> 
     </span>
     <span class='ocr_line' id='line_1_19' title="bbox 343 1734 1716 1794; baseline 0 -18"><span class='ocrx_word' id='word_1_139' title='bbox 343 1743 515 1776; x_wconf 92' lang='lat' dir='ltr'>cuntur.</span> <span class='ocrx_word' id='word_1_140' title='bbox 549 1736 679 1777; x_wconf 87' lang='lat' dir='ltr'>Lanae</span> <span class='ocrx_word' id='word_1_141' title='bbox 709 1734 758 1777; x_wconf 89' lang='lat' dir='ltr'>iis</span> <span class='ocrx_word' id='word_1_142' title='bbox 789 1750 892 1777; x_wconf 89' lang='lat' dir='ltr'>usus</span> <span class='ocrx_word' id='word_1_143' title='bbox 923 1750 972 1776; x_wconf 86' lang='lat' dir='ltr'>ac</span> <span class='ocrx_word' id='word_1_144' title='bbox 998 1736 1185 1777; x_wconf 86' lang='lat' dir='ltr'>vestium</span> <span class='ocrx_word' id='word_1_145' title='bbox 1217 1735 1391 1794; x_wconf 83' lang='lat' dir='ltr'>ignotus</span> <span class='ocrx_word' id='word_1_146' title='bbox 1421 1751 1429 1776; x_wconf 92' lang='lat'>:</span> <span class='ocrx_word' id='word_1_147' title='bbox 1465 1750 1716 1793; x_wconf 89' lang='lat' dir='ltr'>quanquam</span> 
     </span>
     <span class='ocr_line' id='line_1_20' title="bbox 344 1812 1718 1872; baseline 0 -17"><span class='ocrx_word' id='word_1_148' title='bbox 344 1814 562 1855; x_wconf 86' lang='lat' dir='ltr'>continuis</span> <span class='ocrx_word' id='word_1_149' title='bbox 585 1812 819 1872; x_wconf 85' lang='lat' dir='ltr'>frigoribus</span> <span class='ocrx_word' id='word_1_150' title='bbox 841 1822 1051 1868; x_wconf 80' lang='lat' dir='ltr'>urantur3</span> <span class='ocrx_word' id='word_1_151' title='bbox 1074 1812 1259 1872; x_wconf 90' lang='lat' dir='ltr'>pellibus</span> <span class='ocrx_word' id='word_1_152' title='bbox 1284 1822 1429 1855; x_wconf 86' lang='lat' dir='ltr'>tamen</span> <span class='ocrx_word' id='word_1_153' title='bbox 1463 1812 1611 1856; x_wconf 88' lang='lat' dir='ltr'>ferinis</span> <span class='ocrx_word' id='word_1_154' title='bbox 1642 1822 1718 1856; x_wconf 91' lang='lat' dir='ltr'>aut</span> 
     </span>
     <span class='ocr_line' id='line_1_21' title="bbox 343 1890 1718 1951; baseline 0.001 -18"><span class='ocrx_word' id='word_1_155' title='bbox 343 1892 527 1934; x_wconf 88' lang='lat' dir='ltr'>murinis</span> <span class='ocrx_word' id='word_1_156' title='bbox 554 1901 750 1934; x_wconf 86' lang='lat' dir='ltr'>utuntur.</span> <span class='ocrx_word' id='word_1_157' title='bbox 781 1893 884 1934; x_wconf 82' lang='lat' dir='ltr'>Haec</span> <span class='ocrx_word' id='word_1_158' title='bbox 914 1892 1181 1934; x_wconf 88' lang='lat' dir='ltr'>continentia</span> <span class='ocrx_word' id='word_1_159' title='bbox 1216 1890 1297 1934; x_wconf 89' lang='lat' dir='ltr'>illis</span> <span class='ocrx_word' id='word_1_160' title='bbox 1332 1908 1506 1934; x_wconf 91' lang='lat' dir='ltr'>morum</span> <span class='ocrx_word' id='word_1_161' title='bbox 1543 1908 1718 1951; x_wconf 92' lang='lat' dir='ltr'>quoque</span> 
     </span>
     <span class='ocr_line' id='line_1_22' title="bbox 339 1969 1718 2031; baseline 0.001 -18"><span class='ocrx_word' id='word_1_162' title='bbox 339 1971 553 2030; x_wconf 88' lang='lat' dir='ltr'>justitiam</span> <span class='ocrx_word' id='word_1_163' title='bbox 579 1970 731 2025; x_wconf 77' lang='lat' dir='ltr'>edidit,</span> <span class='ocrx_word' id='word_1_164' title='bbox 749 1969 856 2013; x_wconf 87' lang='lat' dir='ltr'>nihil</span> <span class='ocrx_word' id='word_1_165' title='bbox 879 1969 1068 2013; x_wconf 85' lang='lat' dir='ltr'>alienum</span> <span class='ocrx_word' id='word_1_166' title='bbox 1092 1970 1515 2030; x_wconf 87' lang='lat' dir='ltr'>concupiscentibus.</span> <span class='ocrx_word' id='word_1_167' title='bbox 1541 1971 1718 2031; x_wconf 88' lang='lat' dir='ltr'>Quippe</span> 
     </span>
     <span class='ocr_line' id='line_1_23' title="bbox 345 2047 1715 2109; baseline 0 -17"><span class='ocrx_word' id='word_1_168' title='bbox 345 2049 505 2092; x_wconf 87' lang='lat' dir='ltr'>ibidem</span> <span class='ocrx_word' id='word_1_169' title='bbox 530 2047 782 2092; x_wconf 85' lang='lat' dir='ltr'>divitiarum</span> <span class='ocrx_word' id='word_1_170' title='bbox 801 2049 959 2109; x_wconf 91' lang='lat' dir='ltr'>cupido</span> <span class='ocrx_word' id='word_1_171' title='bbox 982 2059 1069 2105; x_wconf 79' lang='lat' dir='ltr'>est,</span> <span class='ocrx_word' id='word_1_172' title='bbox 1087 2050 1161 2092; x_wconf 85' lang='lat' dir='ltr'>ubi</span> <span class='ocrx_word' id='word_1_173' title='bbox 1185 2059 1228 2092; x_wconf 93' lang='lat' dir='ltr'>et</span> <span class='ocrx_word' id='word_1_174' title='bbox 1248 2066 1364 2092; x_wconf 87' lang='lat' dir='ltr'>usus.</span> <span class='ocrx_word' id='word_1_175' title='bbox 1383 2052 1526 2109; x_wconf 86' lang='lat' dir='ltr'>Atque</span> <span class='ocrx_word' id='word_1_176' title='bbox 1549 2051 1715 2093; x_wconf 84' lang='lat' dir='ltr'>utinam</span> 
     </span>
     <span class='ocr_line' id='line_1_24' title="bbox 345 2127 1719 2187; baseline 0.001 -17"><span class='ocrx_word' id='word_1_177' title='bbox 345 2127 524 2187; x_wconf 89' lang='lat' dir='ltr'>reliquis</span> <span class='ocrx_word' id='word_1_178' title='bbox 568 2127 827 2171; x_wconf 84' lang='lat' dir='ltr'>mortalibus</span> <span class='ocrx_word' id='word_1_179' title='bbox 872 2127 1022 2171; x_wconf 86' lang='lat' dir='ltr'>similis</span> <span class='ocrx_word' id='word_1_180' title='bbox 1063 2127 1330 2184; x_wconf 80' lang='lat' dir='ltr'>moderatio,</span> <span class='ocrx_word' id='word_1_181' title='bbox 1371 2138 1414 2171; x_wconf 92' lang='lat' dir='ltr'>et</span> <span class='ocrx_word' id='word_1_182' title='bbox 1457 2128 1719 2172; x_wconf 86' lang='lat' dir='ltr'>abstinentia</span> 
     </span>
     <span class='ocr_line' id='line_1_25' title="bbox 345 2205 1719 2267; baseline 0.001 -18"><span class='ocrx_word' id='word_1_183' title='bbox 345 2206 471 2250; x_wconf 90' lang='lat' dir='ltr'>alieni</span> <span class='ocrx_word' id='word_1_184' title='bbox 495 2205 620 2250; x_wconf 73' lang='lat' dir='ltr'>foret!</span> <span class='ocrx_word' id='word_1_185' title='bbox 644 2206 840 2266; x_wconf 91' lang='lat' dir='ltr'>profecto</span> <span class='ocrx_word' id='word_1_186' title='bbox 856 2224 943 2250; x_wconf 92' lang='lat' dir='ltr'>non</span> <span class='ocrx_word' id='word_1_187' title='bbox 966 2217 1137 2250; x_wconf 85' lang='lat' dir='ltr'>tantum</span> <span class='ocrx_word' id='word_1_188' title='bbox 1158 2206 1373 2250; x_wconf 89' lang='lat' dir='ltr'>bellorum</span> <span class='ocrx_word' id='word_1_189' title='bbox 1394 2224 1471 2267; x_wconf 90' lang='lat' dir='ltr'>per</span> <span class='ocrx_word' id='word_1_190' title='bbox 1487 2209 1634 2251; x_wconf 84' lang='lat' dir='ltr'>omnia</span> <span class='ocrx_word' id='word_1_191' title='bbox 1656 2224 1719 2251; x_wconf 85' lang='lat' dir='ltr'>se-</span> 
     </span>
     <span class='ocr_line' id='line_1_26' title="bbox 346 2285 1717 2346; baseline 0.001 -17"><span class='ocrx_word' id='word_1_192' title='bbox 346 2285 443 2329; x_wconf 86' lang='lat' dir='ltr'>cula</span> <span class='ocrx_word' id='word_1_193' title='bbox 467 2288 592 2329; x_wconf 88' lang='lat' dir='ltr'>terris</span> <span class='ocrx_word' id='word_1_194' title='bbox 615 2287 817 2330; x_wconf 87' lang='lat' dir='ltr'>omnibus</span> <span class='ocrx_word' id='word_1_195' title='bbox 841 2287 1191 2340; x_wconf 78' lang='lat' dir='ltr'>continuaretur3</span> <span class='ocrx_word' id='word_1_196' title='bbox 1208 2303 1348 2346; x_wconf 89' lang='lat' dir='ltr'>neque</span> <span class='ocrx_word' id='word_1_197' title='bbox 1370 2285 1465 2346; x_wconf 90' lang='lat' dir='ltr'>plus</span> <span class='ocrx_word' id='word_1_198' title='bbox 1487 2287 1717 2330; x_wconf 90' lang='lat' dir='ltr'>hominum</span> 
     </span>
     <span class='ocr_line' id='line_1_27' title="bbox 345 2365 1718 2426; baseline 0.001 -18"><span class='ocrx_word' id='word_1_199' title='bbox 345 2366 510 2409; x_wconf 88' lang='lat' dir='ltr'>ferrum</span> <span class='ocrx_word' id='word_1_200' title='bbox 533 2375 575 2409; x_wconf 93' lang='lat' dir='ltr'>et</span> <span class='ocrx_word' id='word_1_201' title='bbox 598 2382 745 2421; x_wconf 77' lang='lat' dir='ltr'>arma,</span> <span class='ocrx_word' id='word_1_202' title='bbox 766 2383 897 2424; x_wconf 88' lang='lat' dir='ltr'>quam</span> <span class='ocrx_word' id='word_1_203' title='bbox 921 2365 1131 2409; x_wconf 86' lang='lat' dir='ltr'>naturalis</span> <span class='ocrx_word' id='word_1_204' title='bbox 1157 2365 1345 2409; x_wconf 86' lang='lat' dir='ltr'>fatorum</span> <span class='ocrx_word' id='word_1_205' title='bbox 1375 2366 1568 2409; x_wconf 89' lang='lat' dir='ltr'>conditio</span> <span class='ocrx_word' id='word_1_206' title='bbox 1593 2383 1718 2426; x_wconf 83' lang='lat' dir='ltr'>rape-</span> 
     </span>
     <span class='ocr_line' id='line_1_28' title="bbox 345 2444 1718 2501; baseline 0 -13"><span class='ocrx_word' id='word_1_207' title='bbox 345 2455 424 2488; x_wconf 87' lang='lat' dir='ltr'>ret.</span> <span class='ocrx_word' id='word_1_208' title='bbox 452 2447 636 2488; x_wconf 83' lang='lat' dir='ltr'>Prorsus</span> <span class='ocrx_word' id='word_1_209' title='bbox 664 2455 713 2487; x_wconf 90' lang='lat' dir='ltr'>ut</span> <span class='ocrx_word' id='word_1_210' title='bbox 740 2444 994 2488; x_wconf 85' lang='lat' dir='ltr'>admirabile</span> <span class='ocrx_word' id='word_1_211' title='bbox 1030 2445 1247 2501; x_wconf 83' lang='lat' dir='ltr'>videatur,</span> <span class='ocrx_word' id='word_1_212' title='bbox 1283 2445 1366 2488; x_wconf 84' lang='lat' dir='ltr'>hoc</span> <span class='ocrx_word' id='word_1_213' title='bbox 1403 2444 1486 2489; x_wconf 89' lang='lat' dir='ltr'>illis</span> <span class='ocrx_word' id='word_1_214' title='bbox 1518 2455 1718 2489; x_wconf 87' lang='lat' dir='ltr'>naturam</span> 
     </span>
     <span class='ocr_line' id='line_1_29' title="bbox 347 2523 1721 2585; baseline 0.001 -19"><span class='ocrx_word' id='word_1_215' title='bbox 347 2524 467 2579; x_wconf 72' lang='lat' dir='ltr'>dare,</span> <span class='ocrx_word' id='word_1_216' title='bbox 492 2524 609 2583; x_wconf 90' lang='lat' dir='ltr'>quod</span> <span class='ocrx_word' id='word_1_217' title='bbox 631 2525 772 2567; x_wconf 86' lang='lat' dir='ltr'>Graeci</span> <span class='ocrx_word' id='word_1_218' title='bbox 797 2523 926 2584; x_wconf 84' lang='lat' dir='ltr'>longa</span> <span class='ocrx_word' id='word_1_219' title='bbox 950 2525 1211 2584; x_wconf 88' lang='lat' dir='ltr'>sapientium</span> <span class='ocrx_word' id='word_1_220' title='bbox 1235 2524 1450 2581; x_wconf 85' lang='lat' dir='ltr'>doctrina,</span> <span class='ocrx_word' id='word_1_221' title='bbox 1475 2526 1721 2585; x_wconf 87' lang='lat' dir='ltr'>praeceptis-</span> 
     </span>
     <span class='ocr_line' id='line_1_30' title="bbox 349 2603 1720 2664; baseline 0.001 -18"><span class='ocrx_word' id='word_1_222' title='bbox 349 2620 432 2663; x_wconf 88' lang='lat' dir='ltr'>que</span> <span class='ocrx_word' id='word_1_223' title='bbox 448 2603 807 2663; x_wconf 89' lang='lat' dir='ltr'>philosophorum</span> <span class='ocrx_word' id='word_1_224' title='bbox 833 2606 1038 2664; x_wconf 86' lang='lat' dir='ltr'>consequi</span> <span class='ocrx_word' id='word_1_225' title='bbox 1062 2614 1311 2664; x_wconf 88' lang='lat' dir='ltr'>nequeunt;</span> <span class='ocrx_word' id='word_1_226' title='bbox 1335 2604 1563 2664; x_wconf 87' lang='lat' dir='ltr'>cultosque</span> <span class='ocrx_word' id='word_1_227' title='bbox 1579 2621 1720 2648; x_wconf 88' lang='lat' dir='ltr'>mores</span> 
     </span>
     <span class='ocr_line' id='line_1_31' title="bbox 350 2682 1720 2744; baseline 0.001 -19"><span class='ocrx_word' id='word_1_228' title='bbox 350 2682 524 2726; x_wconf 81' lang='lat' dir='ltr'>incultae</span> <span class='ocrx_word' id='word_1_229' title='bbox 551 2683 759 2727; x_wconf 77' lang='lat' dir='ltr'>barbariae</span> <span class='ocrx_word' id='word_1_230' title='bbox 785 2683 1016 2728; x_wconf 85' lang='lat' dir='ltr'>collatione</span> <span class='ocrx_word' id='word_1_231' title='bbox 1043 2686 1250 2744; x_wconf 88' lang='lat' dir='ltr'>superari.</span> <span class='ocrx_word' id='word_1_232' title='bbox 1278 2687 1419 2728; x_wconf 84' lang='lat' dir='ltr'>Tanto</span> <span class='ocrx_word' id='word_1_233' title='bbox 1447 2683 1543 2744; x_wconf 85' lang='lat' dir='ltr'>plus</span> <span class='ocrx_word' id='word_1_234' title='bbox 1572 2686 1612 2727; x_wconf 87' lang='lat' dir='ltr'>in</span> <span class='ocrx_word' id='word_1_235' title='bbox 1638 2683 1720 2727; x_wconf 89' lang='lat' dir='ltr'>illis</span> 
     </span>
    </p>
   </div>
  </div>
 </body>
</html>
