1783 3282
283 254 354 292 24³2
623 249 1008 285 ADNOTATIONES
1038 249 1091 283 IN
1120 248 1308 284 JUSTINI

279 326 445 362 narratio
470 338 553 361 cum
580 326 801 371 Hieronymo
826 326 1010 361 Gordiano
1036 336 1129 371 saepe
1155 325 1356 368 consentit,
1383 324 1445 370 qui
1466 324 1564 370 apud
1584 337 1650 358 ve-

278 393 374 422 teres
403 398 546 433 magnae
579 387 808 422 auctoritatis
837 386 1045 420 habebatur
1076 397 1083 417 :
1117 396 1229 430 quare
1260 384 1457 431 probabile
1489 391 1541 419 est
1573 397 1650 431 quae

278 455 481 494 sequuntur
503 448 678 494 pleraque
700 448 788 482 inde
810 458 886 482 esse
908 456 1090 491 expressa.

331 509 414 544 CAP.
430 509 479 543 ΙΙ.
504 509 703 556 Meleager.
729 509 815 542 Non
835 507 1039 551 Meleager,
1064 504 1129 539 sed
1153 505 1349 539 Nearchus
1372 518 1416 540 ex
1436 506 1650 541 narratione

278 568 411 613 Curtii,
432 581 475 613 x,
500 581 530 604 e-
557 569 598 613 6,
626 568 688 616 qui
708 567 906 602 Arrianum
929 572 1071 601 secutus
1093 572 1157 600 est.

337 631 594 666 Valetudinem
615 629 802 673 majorem.
829 629 858 662 I.
880 640 911 662 e.
934 628 1070 661 malam
1084 627 1195 662 solito
1220 626 1401 673 majorem
1421 641 1428 661 :
1454 628 1650 665 laborabat

279 693 379 728 enim
414 693 514 727 malo
550 690 723 733 insolito,
751 689 887 724 morbo
916 688 1113 731 comitiali,
1143 700 1252 735 quem
1280 688 1389 722 etiam
1424 689 1570 733 Celsus,
1604 691 1651 725 de

277 754 486 795 Medicina,
514 764 563 787 111
578 779 587 794 ‚
615 763 645 785 c.
668 750 735 794 23,
761 750 924 785 morbum
946 749 1122 794 majorem
1145 755 1264 783 vocat.

327 815 411 850 Cn.
425 815 492 849 III.
509 814 667 847 Attalus.
682 813 803 847 Immo
817 813 1024 858 Meleager,
1042 823 1088 846 ex
1114 810 1327 845 narratione
1342 809 1477 853 Curtii,
1499 823 1519 845 x
1531 837 1540 854 ,
1563 823 1592 845 c.
1610 811 1650 853 S,

277 888 358 911 cum
381 875 537 910 Arriano
560 874 637 908 haec
662 873 781 907 multo
809 872 1010 906 accuratius
1035 872 1227 907 tradentis.

328 936 413 970 cip.
441 936 505 969 IV.
538 934 694 969 Cratero.
721 933 795 977 Qui
821 940 898 967 tum
922 933 961 967 in
988 932 1116 967 Cilicia
1142 939 1236 976 erat,
1262 932 1310 966 ab
1331 931 1543 966 Alexandro
1568 944 1650 966 cum

276 995 438 1032 emeritis
458 994 640 1029 dimissus.
665 993 751 1028 Vid.
772 1006 896 1040 supra,
921 1006 1001 1037 ΧΠ,
1029 1005 1107 1039 cap.
1134 1005 1190 1027 12.

327 1056 502 1090 Aridoeus
523 1068 601 1091 rex.
629 1055 744 1089 Error
766 1055 826 1089 hic
848 1054 986 1089 Justini
1008 1067 1015 1087 :
1039 1066 1115 1089 non
1136 1054 1298 1088 Aridaeus
1324 1065 1391 1087 rex
1416 1052 1650 1101 intelligitur,

275 1116 339 1152 sed
365 1116 456 1151 alius
482 1115 670 1158 Aridaeus,
696 1127 740 1150 ex
765 1115 921 1150 ducibus
945 1114 1151 1149 Alexandri
1175 1127 1279 1149 unus.

325 1178 553 1212 Bactrianos
583 1178 777 1219 Amyntas.
816 1177 900 1211 Haec
935 1176 975 1210 in
1006 1176 1181 1211 omnibus
1209 1176 1315 1211 MSS.
1351 1183 1524 1223 corrupta
1549 1183 1585 1210 et
1612 1176 1648 1210 in

275 1239 504 1275 editionibus
536 1238 587 1272 ita
616 1238 788 1273 distincta
817 1245 923 1281 sunt,
956 1245 995 1272 ut
1014 1237 1177 1272 historiae
1195 1237 1331 1273 veritas
1359 1238 1537 1273 damnum
1562 1237 1650 1272 inde

275 1299 406 1347 capiat.
434 1299 587 1334 Collatis
615 1305 821 1334 ceterorum
849 1298 1123 1333 narrationibus
1147 1311 1187 1333 ea
1216 1298 1263 1332 ita
1291 1298 1550 1334 constituenda
1575 1310 1652 1333 esse

275 1367 428 1408 apparet
451 1373 458 1394 :
482 1360 706 1394 Bactrianos
730 1362 912 1405 Amyntas
936 1360 1093 1401 sortitur,
1124 1359 1328 1407 Sogdianos
1355 1361 1555 1394 anppns
1582 1358 1649 1407 (ita

273 1422 468 1469 Dexippus
488 1428 523 1456 et
542 1421 765 1468 chronologi
784 1420 916 1467 aliqui3
936 1421 1011 1455 vid.
1029 1421 1139 1455 etiam
1156 1422 1371 1463 LASSENum
1390 1422 1437 1455 de
1450 1422 1649 1468 Pentapot.

275 1483 417 1524 indica,
450 1494 486 1528 p.
510 1482 578 1529 39,
604 1487 671 1526 40,
698 1488 734 1516 et
757 1482 954 1528 insequens
974 1494 1112 1516 nomen
1132 1482 1334 1529 Philippus
1354 1482 1553 1516 delendum
1577 1489 1651 1524 est,

273 1551 312 1578 ut
339 1555 385 1578 ex
414 1544 486 1578 hoc
514 1543 598 1577 loco
625 1543 864 1590 sequentibus
890 1543 1118 1591 invectum),
1147 1543 1329 1578 STAGNOR
1357 1541 1426 1592 (ita
1452 1543 1651 1589 legendum

273 1617 350 1640 esse
369 1616 439 1651 pro
459 1605 627 1639 Nicanor
643 1604 807 1639 Justinus
826 1605 904 1652 ipse
923 1604 1054 1639 suadet
1073 1604 1168 1638 infra
1188 1604 1252 1639 lib.
1274 1617 1338 1639 xm
1353 1631 1362 1648 ,
1387 1616 1467 1651 cap.
1494 1609 1514 1646 4
1540 1604 1620 1639 init.
1644 1618 1649 1638 :

276 1666 495 1700 Parthorum
508 1666 701 1713 imperium
716 1666 915 1701 STAGNom
927 1693 936 1709 ‚
956 1673 1106 1700 externo
1119 1666 1237 1707 socio,
1259 1666 1435 1707 traditur,
1454 1665 1526 1700 nisi
1539 1667 1652 1700 Pom-

271 1726 395 1773 peium
421 1727 494 1762 sibi
517 1727 638 1774 ipsum
665 1727 921 1762 contradicere
947 1726 1066 1774 malis)
1094 1727 1277 1768 Parmos,
1301 1727 1495 1772 Hyrcanos
1522 1727 1650 1761 Phra—

272 1788 492 1835 tapherncS,
525 1789 727 1823 cinnanos
759 1787 828 1836 (ita
860 1788 934 1835 legi
966 1800 1036 1834 pro
1068 1788 1278 1830 Armenios,
1314 1788 1462 1823 notiore
1493 1789 1652 1835 popum,

273 1862 472 1884 consensus
500 1856 708 1884 ceterorum
736 1849 854 1898 cogit)
882 1850 1130 1896 Ncpolemus,
1164 1850 1303 1884 Persas
1328 1850 1541 1892 Peucestes,
1568 1850 1650 1883 Ba-

272 1910 442 1955 bylonios
465 1910 617 1945 Archon
642 1913 817 1945 PELLaeus
844 1910 973 1958 (Pella
1001 1910 1116 1954 enim,
1147 1909 1378 1945 Macedoniae
1401 1910 1510 1953 urbs,
1534 1910 1653 1957 patria

272 1971 470 2006 Archontis
498 1978 576 2006 erat
601 1978 693 2006 teste
714 1971 872 2007 Arriano
897 1971 937 2005 in
962 1970 1101 2006 Indicis
1128 1983 1206 2018 cap.
1232 1970 1298 2014 183
1324 1972 1505 2018 Pelasgos
1529 1979 1652 2006 autem

271 2032 319 2066 ab
333 2032 421 2066 Asia
435 2032 625 2080 superiore
639 2032 885 2068 alienissimos
906 2045 983 2067 esse
994 2032 1182 2067 neminem
1199 2032 1303 2079 fugit),
1317 2059 1327 2076 ,
1342 2033 1553 2067 Arcesilaus
1566 2033 1651 2067 ,Με-

270 2094 534 2140 sopotamiam.
563 2094 657 2130 Leni
683 2094 796 2142 igitur
820 2094 888 2129 hac
908 2106 1018 2141 quam
1040 2093 1286 2129 indicavimus
1308 2093 1513 2128 mutatione
1536 2094 1566 2128 si
1589 2095 1649 2128 lo—

270 2166 353 2189 cum
389 2162 556 2190 nostrum
594 2155 906 2203 redintegraveris
922 2183 930 2198 ‚
970 2168 1051 2190 cum
1089 2155 1322 2202 reliquorum
1360 2155 1576 2190 narratione
1611 2156 1648 2189 in

270 2216 511 2251 concordiam
536 2217 730 2264 redigitur.

323 2278 406 2312 Cn.
428 2280 472 2313 V.
495 2279 653 2313 Bellum.
683 2280 816 2314 Narrat
838 2279 896 2313 hic
919 2279 1058 2313 bellum
1083 2280 1314 2313 Lamiacum.

321 2341 597 2375 Detrectantem
616 2342 806 2388 proelium.
835 2340 980 2375 Scilicet
1006 2347 1090 2386 post
1116 2339 1206 2374 duas
1231 2339 1369 2383 clades,
1402 2351 1490 2386 quas
1520 2351 1649 2385 passus

267 2399 342 2445 jam
366 2401 496 2436 fuerat.

324 2462 530 2497 Herae—lece.
562 2464 684 2498 Ceteri
715 2476 844 2499 omnes
869 2464 1044 2497 Lamiam
1069 2462 1276 2509 profugisse
1302 2462 1541 2509 Antipatrum
1565 2476 1645 2498 me-

270 2523 398 2557 moriae
422 2524 674 2569 prodiderunt
696 2524 825 2571 ibique
849 2537 925 2559 esse
949 2524 1161 2568 obsessum3
1182 2530 1217 2557 at
1241 2524 1430 2570 proelium,
1451 2523 1489 2558 in
1509 2536 1581 2571 quo
1601 2525 1648 2558 ab

270 2584 559 2619 Atheniensibus
582 2585 727 2633 fugatus
748 2585 883 2629 fuerat,
908 2586 1095 2620 Heracleae
1119 2585 1354 2619 commissum
1377 2597 1453 2619 esse
1473 2585 1619 2619 videtui·
1641 2599 1646 2617 ;

271 2645 344 2678 vid.
369 2647 525 2680 Piusm.
552 2646 692 2689 Attica,
724 2660 756 2688 1,
781 2649 798 2689 ξ
821 2646 863 2688 ²33
890 2648 1078 2687 Dmnon„
1105 2658 1228 2687 xvnx,
1256 2658 1283 2678 c.
1311 2658 1349 2679 11
1375 2653 1408 2679 et
1438 2658 1490 2679 12.
