1783 3282
461 236 807 271 HISTORIARUM
837 238 925 271 LIB.
955 240 981 271 I.
1362 242 1404 276 113

37 337 103 363 res
132 330 336 380 utrasque
368 318 635 379 praeciderat.
666 322 820 362 Factus
851 319 1009 362 deinde
1042 336 1118 379 per
1147 321 1278 365 filiam
1314 339 1405 366 cer-

37 400 136 454 tior,
180 399 271 441 sine
309 398 487 441 auribus
518 414 665 458 regem
707 414 824 453 esse,
856 399 1138 458 optimatibus
1175 402 1404 446 Persarum

35 492 124 519 rem
163 476 346 532 indicat,
375 486 416 520 et
456 478 500 519 in
538 478 699 520 caedem
730 476 824 520 falsi
856 477 970 537 regis
1000 476 1228 536 impulsos,
1267 496 1406 523 sacra-

36 556 169 598 menti
197 554 407 616 religione
431 556 678 616 obstringit.
707 558 880 616 Septem
905 565 1077 599 tantum
1105 557 1265 600 conscii
1288 558 1406 602 fuere

36 634 162 693 hujus
184 635 499 694 conjurationis
525 652 534 678 :
563 636 638 694 qui
661 651 712 678 ex
740 635 1005 689 continenti,
1030 651 1107 690 ne,
1132 634 1234 678 dato
1258 636 1301 678 in
1325 652 1407 696 poe-

6 700 7 703 *
35 713 264 756 nitentiam
291 714 457 773 spatio,
486 730 554 757 res
578 730 655 774 per
677 731 942 773 quemquam
967 723 1238 769 narraretur,
1265 714 1408 758 occul-

35 801 125 834 tato
148 793 225 835 sub
243 802 361 835 veste
383 793 518 847 ferro,
536 793 591 836 ad
613 793 775 853 regiam
800 802 999 853 pergunt.
1026 793 1091 835 Ibi
1115 793 1252 836 obviis
1275 795 1408 836 inter—

35 870 173 925 fectis,
197 871 250 914 ad
279 873 433 932 Magos
465 872 730 931 perveniunt
764 888 773 914 :
809 872 966 932 quibus
1006 888 1059 915 ne
1095 872 1197 932 ipsis
1231 872 1406 932 quidem

34 949 204 993 animus
231 951 275 992 in
309 949 519 994 auxilium
554 951 619 994 sui
653 950 790 993 defuit
820 968 829 993 ε
867 950 1080 1010 siquidem
1115 953 1264 995 stricto
1292 952 1407 995 ferro

35 1028 142 1071 duos
171 1028 223 1072 de
249 1030 485 1090 conjuratis
514 1029 792 1072 interficiunt.
823 1031 911 1089 Ipsi
938 1039 1081 1074 tamen
1110 1031 1408 1091 corripiuntur

34 1124 59 1150 a
103 1107 301 1167 pluribus
343 1125 351 1151 :
398 1124 583 1166 quorum
629 1108 814 1151 alterum
850 1109 1048 1169 Gobryas
1086 1109 1278 1153 medium
1324 1126 1409 1153 am·

35 1186 211 1246 plexus,
240 1187 543 1230 cunctantibus
574 1188 724 1242 sociis,
748 1204 803 1231 ne
835 1187 978 1247 ipsum
1010 1204 1089 1248 pro
1111 1190 1243 1249 Mago
1268 1198 1408 1232 trans-

35 1265 253 1321 foderent,
280 1267 378 1325 quia
400 1283 467 1309 res
492 1266 676 1310 obscuro
700 1265 795 1309 loco
819 1267 1065 1327 gerebatur,
1089 1266 1155 1310 vel
1180 1284 1257 1326 per
1280 1284 1406 1311 suum

37 1360 195 1404 corpus
221 1344 337 1405 adigi
360 1347 493 1406 Mago
516 1345 681 1388 ferrum
702 1345 831 1405 jussit
853 1363 862 1388 :
889 1345 1064 1389 fortuna
1088 1356 1232 1389 tamen
1263 1346 1321 1389 ita
1344 1362 1408 1389 re-

37 1432 185 1483 gente,
208 1422 284 1467 illo
307 1422 516 1469 incolumi
538 1426 694 1485 Magus
720 1424 990 1469 interficitur.

102 1505 158 1545 X.
189 1503 356 1546 Occisis
379 1504 540 1564 Magis,
563 1520 722 1564 magna
745 1504 921 1563 quidem
944 1503 1079 1565 gloria
1100 1505 1262 1564 recepti
1286 1506 1407 1565 regni

39 1583 304 1641 principium
329 1582 430 1637 fuit;
452 1583 526 1626 sed
547 1582 687 1626 multo
713 1584 852 1643 major
875 1586 919 1627 in
940 1600 1013 1640 eo,
1040 1584 1176 1644 quod,
1202 1601 1338 1645 quum
1355 1583 1408 1627 de

37 1677 172 1720 regno
209 1661 497 1721 ambigerent,
535 1662 800 1706 concordare
840 1672 1091 1722 potuerunt.
1125 1666 1264 1707 Erant
1292 1664 1407 1707 enim

37 1740 198 1783 virtute
217 1750 259 1783 et
281 1739 509 1784 nobilitate
528 1742 586 1784 ita
602 1758 747 1801 pares,
766 1751 814 1785 ut
830 1741 1051 1785 difficilem
1075 1758 1127 1785 ex
1151 1742 1218 1786 his
1242 1742 1406 1803 populo

37 1818 291 1863 electionem
324 1819 545 1880 aequalitas
586 1820 756 1865 faceret.
789 1822 879 1881 Ipsi
914 1822 1048 1882 igitur
1082 1823 1199 1865 viam
1231 1823 1408 1866 invene-

36 1908 158 1953 runt,
183 1915 268 1958 qua
291 1898 344 1942 de
366 1916 410 1942 se
427 1899 640 1959 judicium
665 1899 865 1961 religioni
888 1910 930 1944 et
953 1900 1139 1945 fortunae
1162 1902 1408 1946 committe-

37 1988 145 2021 rent.
170 1979 377 2038 Paetique
400 1980 512 2022 inter
539 1995 583 2022 se
605 1989 727 2034 sunt,
755 1989 802 2023 ut
825 1980 893 2023 die
916 1990 1079 2024 statuta
1101 1997 1250 2025 omnes
1273 1998 1408 2042 equos

38 2066 136 2100 ante
175 2057 338 2118 regiam
366 2058 508 2118 primo
536 2074 664 2102 mane
692 2058 981 2119 perducerent
1005 2077 1014 2102 τ
1043 2070 1086 2103 et
1111 2060 1235 2120 cujus
1272 2077 1408 2120 equus

37 2137 150 2180 inter
170 2137 279 2181 Solis
303 2148 446 2181 ortum
473 2138 693 2202 hinnitum
714 2140 882 2199 primus
902 2139 1123 2194 edidisset,
1139 2140 1174 2184 is
1197 2157 1270 2184 rex
1285 2151 1407 2185 esset.

36 2215 151 2258 Nam
175 2225 217 2258 et
241 2215 382 2260 Solem
401 2219 541 2261 Persae
564 2235 702 2261 unum
726 2218 856 2262 deum
877 2236 967 2263 esse
985 2218 1190 2275 credunt3
1214 2229 1255 2263 et
1277 2237 1409 2280 equos

37 2293 177 2337 eidem
201 2294 281 2337 deo
301 2305 490 2339 sacratos
510 2296 668 2340 ferunt.
696 2300 801 2342 Erat
825 2299 938 2342 inter
958 2299 1210 2358 conjuratos
1232 2300 1409 2355 Darius,

36 2374 263 2433 Hystaspis
286 2373 398 2418 filius
422 2392 430 2417 :
457 2376 528 2418 cui
552 2375 605 2420 de
637 2393 770 2437 regno
801 2377 987 2421 sollicito
1016 2379 1116 2438 equi
1146 2388 1291 2422 custos
1319 2380 1408 2422 ait:

36 2453 110 2495 «Si
130 2469 180 2495 ea
205 2469 271 2495 res
289 2453 515 2498 victoriam
538 2466 806 2511 moraretur,
831 2456 941 2500 nihil
966 2459 1129 2518 negotii
1151 2474 1409 2518 superesse.»

36 2533 117 2574 Per
145 2542 319 2575 noctem
349 2532 502 2576 deinde
525 2551 706 2594 equum,
731 2537 870 2596 pridie
894 2539 1176 2581 constitutam
1201 2537 1334 2594 diem,
1355 2538 1409 2581 ad

33 2611 217 2655 eundem
244 2610 386 2655 locum
402 2612 542 2666 ducit,
564 2614 710 2673 ibique
728 2632 846 2674 equae
867 2617 1078 2671 admittit,
1103 2626 1243 2671 ramS,
1264 2634 1312 2660 ex
1336 2635 1409 2660 vo-
