1783 3282
495 244 837 278 HISTORIARUM
867 247 954 280 LIB.
981 249 1043 283 XI.
1404 263 1451 295 99

85 325 219 381 dinis3
243 335 522 385 percontatus
548 343 662 381 eam,
687 343 816 386 quem
832 329 1105 387 potissimum
1127 348 1333 390 augurem
1354 349 1452 376 con-

85 403 246 446 suleret
264 421 272 446 :
290 403 376 458 illa,
399 404 544 447 audita
563 421 691 448 causa
711 405 989 461 consulendi,
1016 422 1150 465 gnara
1169 410 1274 453 artis
1292 427 1343 453 ex
1367 411 1452 455 dis-

85 482 247 542 ciplina
279 492 533 542 parentum,
567 501 787 544 «regnum
833 485 871 527 ei
909 485 1167 544 portendi,»
1199 489 1450 546 respondit;

83 561 402 621 polliceturque
428 579 471 606 se
496 573 535 606 et
558 565 825 607 matrimonii
849 573 891 606 et
917 565 1006 623 spei
1033 564 1204 607 sociam.
1226 567 1332 608 Tam
1356 567 1451 627 pul-

83 640 188 682 chra
211 640 405 684 conditio
439 643 580 701 prima
607 644 729 701 regni
756 642 934 685 felicitas
959 642 1201 686 videbatur.
1227 644 1327 686 Post
1346 661 1452 705 nup-

83 719 161 762 tias
181 719 295 762 inter
316 721 510 780 Phrygas
535 730 631 763 orta
651 720 806 763 seditio
828 731 906 763 est.
928 720 1268 765 Consulentibus
1297 721 1349 764 de
1367 723 1451 766 fine

81 798 396 842 discordiarum
429 798 603 842 oracula
632 799 971 858 responderunt,
1002 803 1201 860 «Regem
1226 800 1450 844 discordiis

79 893 188 936 opus
212 893 317 920 esse.
333 896 353 917 »
368 878 530 920 Iterato
551 878 845 936 quaerentibus
870 877 922 920 de
945 894 1130 937 persona
1151 879 1283 939 regis,
1295 879 1450 938 juben-

76 964 148 998 tur
167 971 267 998 eum
295 971 442 1015 regem
465 956 720 1011 observare,
736 972 864 1015 quem
883 957 1044 1000 reversi
1067 958 1258 1016 primum
1276 957 1320 1000 in
1346 967 1451 1001 tem-

75 1033 197 1093 plum
210 1035 328 1078 Jovis
346 1044 522 1078 euntem
542 1035 735 1094 plaustro
753 1036 1024 1094 reperissent.
1040 1036 1209 1079 Obvius
1233 1035 1315 1079 illis
1334 1039 1449 1081 Gor-

75 1113 170 1156 dius
199 1113 304 1169 fuit,
330 1115 565 1172 statimque
589 1130 688 1156 eum
715 1130 860 1173 regem
885 1112 1174 1157 consalutant.
1202 1114 1280 1158 Ille
1306 1114 1449 1174 plaus-

77 1201 215 1246 trum,
245 1208 332 1251 quo
365 1192 540 1234 vehenti
577 1208 761 1251 regnum
792 1190 984 1234 delatum
1016 1191 1179 1246 fuerat,
1213 1194 1256 1234 in
1283 1194 1446 1253 templo

70 1271 190 1314 Jovis
227 1272 442 1330 positum,
475 1271 688 1329 majestati
722 1270 850 1330 regiae
879 1271 1160 1313 consecravit.
1199 1273 1299 1314 Post
1330 1273 1445 1315 hunc

73 1349 186 1393 filius
210 1349 353 1393 Midas
388 1351 607 1409 regnavit,
635 1350 710 1409 qui
747 1349 799 1391 ab
838 1349 1019 1408 Orpheo
1051 1365 1275 1394 sacrorum
1306 1350 1446 1393 solen-

71 1429 200 1472 nibus
220 1429 414 1471 initiatus
429 1463 440 1484 ,
459 1428 695 1488 Phrygiam
721 1426 1007 1488 religionibus
1032 1427 1233 1487 implevit
1252 1445 1260 1471 :
1288 1430 1446 1488 quibus

72 1508 207 1551 tutior
244 1508 364 1550 omni
402 1508 512 1560 vita,
551 1523 682 1566 quam
716 1508 848 1549 armis
884 1507 979 1549 fuit.
1011 1507 1152 1566 Igitur
1177 1506 1444 1564 Alexander,

69 1595 194 1646 capta
226 1586 360 1641 urbe,
391 1603 525 1645 quum
568 1587 612 1628 in
644 1585 857 1645 templum
887 1586 1006 1628 Jovis
1043 1585 1253 1640 venisset,
1288 1586 1441 1646 jugum

70 1664 252 1725 plaustri
288 1665 444 1709 Gordii
480 1665 704 1723 requisivit
733 1681 741 1706 :
769 1681 854 1723 quo
890 1664 1105 1719 exhibito,
1138 1680 1274 1723 quum
1300 1666 1442 1724 capita

69 1744 412 1788 loramentorum
442 1745 556 1786 intra
582 1743 718 1786 nodos
741 1743 997 1786 abscondita
1022 1744 1212 1803 reperire
1238 1759 1326 1786 non
1346 1760 1442 1803 pos-

67 1833 145 1877 set,
165 1821 399 1865 violentius
420 1821 599 1865 oraculo
624 1838 748 1878 usus,
770 1821 913 1882 gladio
937 1820 1175 1865 loramenta
1200 1822 1322 1865 caedit
1348 1840 1356 1865 :
1378 1834 1441 1866 at-

66 1919 149 1962 que
164 1904 223 1946 ita
237 1901 440 1946 resolutis
456 1902 661 1956 nexibus,
680 1900 860 1944 latentia
884 1902 928 1943 in
950 1901 1075 1944 nodis
1095 1902 1236 1961 capita
1260 1903 1437 1946 invenit.

128 1983 248 2025 VIII.
275 1985 376 2025 Haec
402 1980 464 2024 illi
489 1982 634 2040 agenti
662 1980 910 2035 nuntiatur,
935 1981 1119 2024 Darium
1147 1996 1246 2023 cum
1272 1982 1437 2041 ingenti

65 2061 256 2104 exercitu
283 2059 532 2102 adventare.
562 2061 714 2118 Itaque
747 2060 902 2102 timens
926 2060 1171 2119 angustias,
1196 2076 1351 2120 magna
1374 2077 1438 2103 ce-

64 2139 235 2182 leritate
260 2141 453 2182 Taurum
488 2138 753 2180 transcendit
783 2154 791 2179 :
818 2138 860 2180 in
896 2154 981 2196 qua
1008 2137 1281 2181 festinatione
1309 2140 1436 2197 quin-

63 2228 192 2280 genta
215 2218 353 2262 stadia
377 2234 507 2260 cursu
531 2216 646 2260 fecit.
672 2217 821 2273 Quum
846 2218 1029 2259 Tarsum
1051 2217 1259 2266 venisset,
1282 2228 1434 2277 captus

62 2297 204 2357 Cydni
233 2296 423 2339 fluminis
454 2296 724 2351 amoenitate,
750 2312 827 2355 pei·
855 2295 1041 2338 mediam
1073 2296 1225 2339 urbem
1255 2296 1436 2340 influen-

62 2377 134 2431 tis,
156 2375 357 2435 projectis
377 2376 527 2428 armis,
547 2373 699 2433 plenus
715 2373 906 2434 pulveris
930 2391 978 2417 ac
995 2374 1188 2430 sudoris,
1205 2376 1248 2417 in
1269 2375 1435 2434 praefri-

62 2455 207 2516 gidam
228 2453 391 2497 undam
407 2470 449 2496 se
466 2454 660 2513 projecit.
678 2456 789 2497 Tum
809 2464 990 2514 repente
1006 2464 1153 2497 tantus
1172 2472 1327 2498 nervos
1342 2456 1433 2514 ejus

60 2533 288 2593 occupavit
327 2533 463 2592 rigor,
498 2542 565 2586 ut,
604 2531 837 2575 interclusa
870 2549 997 2588 voce,
1031 2549 1117 2575 non
1159 2550 1253 2593 spes
1303 2534 1432 2576 modo

63 2612 262 2667 remedii,
293 2611 366 2654 sed
395 2627 474 2653 nec
501 2610 651 2654 dilatio
676 2610 856 2671 periculi
882 2612 1164 2654 inveniretur.
1190 2615 1314 2655 Unus
1341 2622 1431 2654 erat

1179 2707 1201 2718 r-
