1783 3282
307 256 375 293 19‘2
573 242 766 277 JUSTINI
792 241 1142 277 HISTORIARUM
1174 241 1265 275 LIB.
1296 241 1415 275 XXII.

303 326 480 386 pultura
526 324 701 384 quidem
742 323 1029 384 relinquenda
1071 322 1215 364 fuerit.
1237 342 1257 362 n
1287 323 1441 378 Quum
1479 324 1679 382 persequi

304 420 448 464 regem
473 402 650 460 vellent,
676 420 700 447 a
724 403 928 448 Numidis
948 402 1115 460 excepti
1145 402 1189 442 in
1215 411 1356 444 castra
1383 411 1681 456 revertuntur,

303 483 620 543 comprehenso
655 492 797 526 tamen
825 481 1069 540 reductoqu
1125 479 1433 540 Archagatho,
1461 481 1535 541 qui
1561 496 1585 523 a
1606 497 1683 540 pa-

303 572 368 605 tre
394 563 532 606 noctis
557 579 704 606 errore
733 561 998 604 discesserat.
1024 558 1286 618 Agathocles
1311 569 1456 602 autem
1476 560 1682 613 navibus,

303 644 460 702 quibus
480 658 676 685 reversus
700 658 722 684 a
745 639 890 683 Sicilia
919 639 1082 694 fuerat,
1109 655 1208 682 cum
1234 639 1486 682 custodibus
1513 656 1682 682 earum-

303 723 399 765 dem
429 725 662 782 Syracusas
705 720 911 764 defertur.
951 718 1212 779 Exemplum
1244 719 1398 780 flagitii
1433 718 1680 780 singulare,

303 820 378 846 rex
397 802 612 846 exercitus
642 802 708 844 sui
747 800 962 855 desertor,
1003 799 1282 859 filiorumque
1315 808 1438 859 pater
1467 799 1679 859 proditor.

303 883 487 925 Interim
508 882 553 923 in
575 880 724 924 Africa
743 890 841 940 post
859 880 1008 940 fugam
1030 880 1163 940 regis,
1190 878 1346 922 milites
1360 879 1563 939 pactione
1582 896 1680 923 cum

302 961 502 1004 hostibus
530 960 663 1014 facta,
698 959 933 1002 interfectis
968 958 1219 1020 Agathoclis
1249 957 1423 1013 liberis⁷
1452 960 1683 1021 Carthagi-

304 1040 526 1083 niensibus
556 1055 599 1082 se
623 1038 853 1082 tradidere.
878 1039 1151 1099 Archagatus
1177 1055 1314 1097 quum
1338 1038 1609 1083 occideretur
1625 1040 1678 1083 ab

300 1118 542 1173 Arcesssao,
563 1118 701 1161 amico
735 1127 861 1160 antea
893 1118 1051 1178 patris,
1084 1117 1258 1178 rogavit
1283 1133 1404 1172 eum,
1437 1117 1682 1177 «quidnam

302 1197 446 1241 liberis
473 1198 565 1257 ejus
595 1197 814 1240 facturum
842 1195 1127 1257 Agathoclem
1151 1205 1296 1256 putet,
1322 1213 1400 1257 per
1430 1213 1559 1256 quem
1591 1198 1682 1258 ipse

302 1276 445 1320 liberis
471 1275 639 1319 careat?
655 1295 674 1316 »
698 1278 823 1319 Tunc
847 1275 1094 1336 respondit,
1121 1294 1142 1315 (ι
1161 1276 1262 1319 satis
1285 1275 1444 1319 habere
1472 1293 1537 1334 se,
1563 1279 1683 1337 quod

302 1357 554 1417 superstites
583 1371 654 1398 eos
683 1371 773 1398 esse
800 1354 1052 1415 Agathoclis
1078 1354 1223 1397 liberis
1260 1355 1410 1397 sciat.»
1446 1357 1550 1399 Post
1590 1357 1682 1401 haec
1750 1412 1753 1414 q

301 1436 422 1479 Poeni
452 1435 504 1478 ad
519 1434 879 1494 persequendum
901 1433 1003 1477 belli
1028 1432 1253 1493 reliquias,
1275 1433 1405 1477 duces
1420 1435 1465 1477 in
1490 1434 1681 1480 Siciliam

302 1516 532 1568 miserunt,
555 1530 655 1557 cum
675 1513 834 1572 quibus
856 1511 1119 1574 Agathocles
1133 1529 1284 1573 pacem
1302 1514 1435 1573 aequis
1466 1515 1680 1559 conditio-

302 1594 429 1638 nibus
450 1593 562 1637 fecit.
