1783 3282
342 303 653 316 twwwaxmtwmvvvxvnv
657 303 711 315 ὶ-ῑῖἱ
717 298 1223 315 umwwuvwmmmmkvvvo
1228 300 1399 313 nummum
1403 299 1580 314 mwvwwm
1585 298 1704 312 mm

822 513 1080 569 LIBER
1123 513 1224 567 VI.

339 944 372 985 1.
416 906 806 990 LACEDAEMONH,
848 952 968 979 more
1007 936 1170 996 ingenii
1210 935 1413 991 humani,
1452 953 1540 997 quo
1582 936 1708 997 plura

339 1020 525 1073 habent,
554 1034 604 1061 eo
632 1015 842 1076 ampliora
867 1015 1113 1074 cupientes,
1131 1030 1221 1057 non
1247 1016 1442 1058 contenti
1466 1017 1708 1059 accessione

339 1097 656 1142 atheniensium
694 1112 827 1155 opum
865 1095 978 1137 vires
1012 1093 1092 1137 sibi
1133 1091 1393 1154 duplicatas,
1433 1095 1565 1138 totius
1598 1096 1708 1138 Asiae

339 1176 569 1236 imperium
609 1174 811 1217 affectare
858 1181 1082 1233 coeperunt
1128 1190 1137 1216 ε
1184 1172 1259 1216 sed
1306 1173 1445 1233 major
1487 1188 1586 1232 pars
1629 1174 1708 1216 sub

339 1271 472 1316 regno
498 1257 729 1297 Persarum
762 1261 866 1296 erat.
897 1255 1049 1312 Itaque
1080 1250 1373 1312 Dercyllides,
1395 1251 1484 1296 dux
1517 1253 1562 1295 in
1596 1253 1708 1297 hanc

339 1333 537 1376 militiam
562 1331 744 1387 electus,
769 1348 904 1392 quum
927 1331 1093 1374 videret
1120 1331 1200 1374 sibi
1231 1330 1434 1375 adversus
1458 1331 1566 1376 duos
1597 1348 1707 1393 prae-

338 1412 469 1455 sectos
522 1411 771 1455 Artaxerxis
792 1444 804 1464 ,
856 1410 1186 1454 Pharnabazum
1242 1419 1284 1453 et
1337 1411 1671 1470 Tissaphernem
1697 1445 1708 1464 ,
1745 1423 1749 1425 ·

336 1492 623 1534 maximarum
657 1489 852 1550 gentium
889 1488 1053 1531 viribus
1088 1489 1353 1543 succinctos,
1388 1488 1706 1545 dimicandum,

337 1569 551 1629 pacificari
589 1584 689 1611 cum
730 1567 866 1611 altero
904 1568 1066 1611 statuit.
1107 1568 1264 1626 Aptior
1301 1568 1417 1610 visus
1455 1568 1707 1628 Tissapher-

336 1664 433 1702 nes,
473 1648 538 1689 vir
577 1657 618 1690 et
653 1646 866 1689 industria
903 1646 1062 1706 potior,
1094 1655 1135 1688 et
1178 1644 1389 1689 militibus
1426 1647 1530 1705 Cyri
1566 1662 1706 1706 quon-

335 1726 434 1769 dam
460 1727 571 1785 regis
596 1725 861 1780 instructior,
889 1725 933 1767 in
958 1723 1224 1784 colloquium
1244 1733 1441 1779 vocatur,
1467 1735 1511 1768 et
1533 1726 1704 1769 statutis

335 1804 680 1858 conditionibus,
711 1804 763 1846 ab
792 1803 922 1846 armis
951 1803 1198 1847 dimittitur.
1235 1806 1358 1847 Hanc
1390 1820 1483 1846 rem
1510 1804 1703 1848 Pharna—

335 1884 463 1926 bazus
495 1882 610 1942 apud
639 1897 916 1926 communem
957 1898 1102 1942 regem
1137 1882 1410 1938 criminatur,
1435 1883 1539 1926 «Ut
1573 1885 1704 1926 Lace-

334 1962 569 2004 daemonios
599 1962 743 2005 Asiam
765 1961 979 2021 ingressos
1004 1976 1092 2003 non
1115 1959 1326 2019 repulerit
1346 1961 1494 2015 armis,
1522 1960 1596 2003 sed
1621 1962 1702 2004 im-

334 2041 475 2100 pensis
503 2041 630 2101 regiis
654 2039 809 2083 aluerit
839 2056 847 2081 :
873 2048 1174 2098 merceturque
1198 2039 1251 2081 ab
1272 2038 1357 2094 his,
1381 2055 1475 2098 quae
1498 2038 1701 2084 differant

332 2119 463 2174 bella,
501 2136 594 2178 quae
636 2128 811 2179 gerant,
848 2127 1055 2177 tanquam
1091 2133 1179 2160 non
1218 2117 1272 2160 ad
1315 2118 1445 2161 unius
1480 2134 1699 2162 summum

333 2199 503 2258 imperii
531 2197 842 2240 detrimentum
876 2212 1005 2240 omne
1049 2196 1286 2255 perveniat.
1319 2196 1578 2256 Indignum,
1614 2198 1699 2253 ait,

331 2276 441 2320 bella
476 2293 562 2320 non
603 2277 774 2336 perfici,
802 2276 875 2319 sed
904 2275 1081 2328 redimi,
1108 2275 1275 2318 hostem
1304 2276 1469 2335 pretio,
1504 2292 1592 2319 non
1630 2293 1698 2320 ar-

332 2360 410 2402 mis
463 2359 719 2401 submoveri.
753 2377 772 2398 »
810 2356 886 2400 His
927 2355 1103 2399 vocibus
1149 2371 1294 2416 regem
1348 2372 1372 2398 a
1409 2356 1697 2416 Tissapherne

330 2437 564 2480 alienatum
592 2436 806 2490 hortatur,
835 2445 883 2477 ut
923 2435 965 2476 in
995 2433 1139 2477 locum
1169 2435 1260 2494 ejus
1291 2433 1453 2478 navalis
1487 2433 1588 2478 belli
1618 2434 1696 2478 du-

330 2532 423 2559 cem
445 2515 580 2575 *eligat
608 2516 791 2558 Conona
818 2513 1142 2568 Atheniensem,
1171 2514 1267 2573 qui,
1291 2514 1444 2557 amissa
1475 2512 1589 2556 bello
1621 2529 1696 2573 pa-

331 2597 435 2649 tria,
479 2595 613 2653 Cypri
650 2591 910 2636 exsulabat:
950 2612 968 2632 ι(
1000 2593 1177 2652 Quippe
1219 2591 1573 2647 Atheniensibus,
1615 2593 1693 2635 etsi

329 2674 470 2716 fractae
499 2673 580 2715 sint
608 2689 730 2731 opes,
756 2688 928 2714 manere
958 2681 1100 2714 tamen
1126 2670 1322 2714 navalem
1347 2687 1503 2723 usum3
1531 2688 1628 2725 nec,
1658 2672 1692 2713 si
