1783 3282
278 262 297 284 2
308 261 320 283 1
331 250 352 284 8
736 247 888 282 NOTAE
917 247 968 281 IN
997 245 1188 280 JUSTINI

274 333 342 368 bus
367 331 475 366 fuisse
503 330 593 366 dicit
611 331 764 376 Strabo,
790 331 853 365 lib.
878 342 978 372 xvn3
998 335 1032 363 et
1056 339 1168 374 quum
1188 327 1263 361 duo
1285 326 1430 361 codices
1450 325 1650 360 exhibeant

274 393 524 435 Audariates,
554 392 649 427 illud
673 391 885 427 Gronovius
916 400 1033 436 nepos
1060 387 1210 434 recepit.
1237 387 1333 421 Mihi
1359 393 1479 421 autem
1504 385 1650 421 videtur

277 454 474 488 Abderitas
499 453 769 500 reponendum.

330 516 522 549 Ranarum
548 515 782 561 muriamque.
802 512 861 547 Sic
879 509 1038 553 Plinius,
1060 508 1126 543 lib.
1146 520 1288 553 VI11,c.
1305 519 1375 555 29,
1400 508 1448 542 ab
1472 507 1572 542 ranis
1599 507 1652 541 ci-

277 577 430 611 vitatem
451 573 491 609 in
512 575 632 610 Gallia
655 576 801 622 pulsam
828 577 1026 613 memorat,
1054 570 1085 604 si
1111 569 1227 604 modo
1249 570 1355 604 locus
1371 571 1511 605 mendo
1538 576 1653 612 caret,

278 645 311 672 ct
335 637 400 672 lib.
426 648 525 679 V111,
553 647 634 681 cap.
665 633 727 677 57,
754 644 800 667 ex
826 632 945 666 insula
973 632 1097 678 Gyaro
1123 629 1268 677 fugatos
1301 642 1321 663 a
1347 629 1516 664 muribus
1543 630 1651 665 inco-

277 700 348 742 las,
373 710 420 733 ex
446 696 704 743 Theophrasto
733 692 856 728 refert.
891 692 984 727 Vide
1009 691 1201 734 eumdem,
1226 692 1274 725 de
1297 691 1484 733 Muribus,
1515 690 1579 725 lib.
1610 704 1654 733 x,

277 772 306 795 e.
321 758 383 795 65.
401 759 562 793 Econtra
579 768 658 790 mus
678 767 797 790 aeneus
809 753 985 797 Luteciae,
1006 759 1096 788 teste
1115 752 1299 800 Gregorio
1308 753 1408 796 Tur.‚
1428 752 1533 799 hujus
1552 752 1655 787 urbis

277 821 475 856 amuletum
502 824 580 853 erat
607 824 737 852 contra
764 815 990 851 incendium.

760 954 812 987 IN
841 952 1036 987 LIBRUM
1065 952 1167 986 XVI.

331 1078 414 1113 Cap.
440 1079 484 1112 V.
509 1078 609 1112 Jovis
627 1089 667 1112 se
667 1078 845 1124 filium...
861 1089 977 1111 aurea
1004 1077 1184 1123 aquila...
1210 1075 1416 1110 Ceraunon.
1443 1075 1661 1119 Clearchus,

279 1140 343 1188 qui
369 1138 472 1174 Jovis
498 1151 536 1173 se
560 1137 679 1173 filium
707 1138 817 1182 dicit,
845 1138 904 1172 cui
927 1137 1028 1172 eunti
1052 1149 1120 1184 per
1145 1136 1357 1184 publicum,
1384 1148 1492 1171 aurea
1521 1137 1660 1183 aquila,

278 1203 379 1237 velut
404 1208 663 1248 argumentum
688 1200 851 1248 generis,
879 1198 1162 1247 praeferebatur,
1182 1205 1218 1233 et
1243 1198 1307 1245 qui
1324 1196 1442 1232 filium
1461 1210 1567 1232 suum
1594 1198 1661 1232 Ce—

280 1275 440 1304 raunon‚
467 1262 506 1297 id
532 1269 586 1297 est
612 1274 728 1309 graece,
744 1261 915 1308 fulmen,
946 1267 1072 1304 vocat,
1098 1260 1169 1294 sibi
1197 1259 1399 1295 admodum
1432 1260 1627 1294 constabat
1654 1273 1661 1293 :

281 1324 403 1371 aquila
430 1324 529 1358 enim
555 1330 633 1359 erat
657 1324 732 1358 ales
758 1323 918 1370 armiger
946 1323 1049 1357 Jovis
1075 1329 1111 1357 et
1136 1321 1212 1367 ejus
1235 1321 1398 1356 fulminis
1423 1320 1609 1365 minister,
1629 1328 1663 1355 et

281 1385 425 1432 Jupiter
443 1385 522 1432 ipse
550 1392 695 1435 κεραυνός
722 1386 780 1420 vel
806 1391 981 1436 κεραύνιος,
1008 1384 1226 1427 fulminans,
1246 1382 1592 1430 cognominabatur.
1618 1384 1663 1417 Se

281 1446 471 1493 praebebat
497 1445 610 1493 igitur
637 1457 763 1493 regem
789 1446 848 1479 vel
874 1446 984 1479 deum
1009 1457 1094 1480 vere
1121 1444 1310 1491 tragicum.

725 1568 784 1602 IN
823 1568 1047 1603 LIBRUM
1085 1567 1222 1601 XVII.

337 1681 420 1714 Cn.
438 1679 504 1713 III.
526 1679 750 1712 Lanassam.
774 1677 1024 1712 Sacerdotem.
1045 1676 1106 1711 Sic
1126 1683 1214 1711 vett.
1228 1683 1263 1711 et
1275 1677 1508 1721 Plutarchus,
1522 1679 1668 1723 inPyr-

286 1742 372 1783 rho,
399 1753 478 1787 cap.
500 1753 530 1774 1.
556 1741 754 1774 Contracte
769 1739 816 1773 ab
837 1745 966 1777 ἄνασσα
981 1770 989 1784 ‚
1013 1739 1156 1785 regina,
1181 1745 1330 1784 ἀνάσσω,
1349 1739 1512 1785 impero,
1535 1751 1670 1786 regno,

287 1811 321 1838 et
347 1813 410 1847 Ma
434 1801 613 1848 particula
641 1813 721 1846 quae
749 1807 858 1847 auget
883 1799 1194 1847 significationem
1219 1799 1257 1833 in
1283 1800 1567 1846 compositione.

340 1865 485 1897 Berooe.
516 1863 587 1896 Vel
612 1862 746 1896 rectius
772 1863 930 1903 Beroea,
966 1874 1049 1895 casu
1076 1868 1198 1904 reem,
1226 1873 1342 1907 graece
1367 1868 1517 1911 Βέᾲρεια,
1546 1862 1593 1896 ab
1626 1868 1670 1899 εὖ·

289 1943 375 1974 ρας,
404 1921 612 1965 affluentia,
647 1929 756 1972 &3925ae
782 1922 842 1956 vel
868 1928 1013 1972 ἑῡρῥςέω,
1039 1922 1135 1956 bene
1163 1920 1250 1956 fluo.
1279 1922 1339 1956 Sic
1372 1923 1496 1965 Rlzca,
1531 1924 1587 1963 ῥέῃ
1614 1923 1671 1956 vel

293 1992 364 2023 Peion
407 1997 426 2019 a
452 1991 527 2035 ῥέω,
552 1982 638 2017 fluo.
665 1984 724 2018 Sic
753 1989 858 2029 βισκές
883 1995 953 2030 pro
981 1990 1037 2020 ιώ

992 2011 1036 2026 ’345
1051 2015 1058 2028 5

1087 1983 1238 2017 viscum.

711 2099 766 2131 IN
812 2098 1050 2132 LIBRUM
1090 2098 1256 2131 XVIII.

348 2227 429 2259 Cu».
451 2225 480 2257 I.
512 2223 814 2270 Congrederetur.
839 2223 894 2256 Ex
914 2223 1131 2265 Plutarcho,
1152 2223 1188 2255 in
1216 2223 1381 2266 Pyrrho,
1404 2234 1481 2269 cap.
1510 2222 1555 2264 34
1571 2250 1580 2266 ,
1605 2236 1675 2270 pu—

295 2299 366 2334 gna
387 2285 581 2321 commissa
601 2292 655 2319 est
674 2285 797 2318 medio
819 2296 953 2329 campo
976 2284 1073 2317 inter
1088 2284 1319 2317 szdosiam
1344 2283 1469 2317 urbem
1497 2291 1534 2319 et
1554 2285 1674 2318 Hera-

297 2351 425 2383 oleam.
458 2347 637 2381 Heraclea
668 2353 812 2389 autem,
838 2351 988 2379 auctore
1019 2344 1160 2387 Plinio,
1188 2357 1257 2388 111,
1283 2358 1344 2387 11,
1371 2346 1466 2379 inter
1490 2346 1600 2380 Sirim
1625 2353 1675 2380 est

299 2417 333 2444 et
355 2409 500 2451 Acirim,
528 2406 662 2442 fluvios
688 2406 869 2441 Lucaniae.

351 2471 539 2503 Inusitata
569 2476 654 2503 ante
691 2467 972 2514 elephantorum
996 2466 1139 2512 forma.
1172 2467 1325 2509 Plinius,
1356 2479 1458 2509 vul,
1489 2466 1532 2510 6,
1552 2466 1675 2501 scribit

301 2531 445 2567 ltaliam
472 2543 549 2564 non
577 2530 676 2564 visos
706 2530 884 2563 hactenus
921 2529 1139 2574 elephantos
1175 2528 1279 2562 boves
1316 2529 1419 2561 lucas
1458 2529 1677 2574 appellasse.

303 2593 441 2639 quippe
466 2591 504 2625 in
527 2590 685 2625 Lucanis
713 2589 870 2636 primum
898 2589 1008 2623 visos.
1031 2589 1136 2623 Adde
1156 2590 1383 2631 Varronem,
1407 2589 1454 2623 de
1471 2590 1576 2633 Ling.
1605 2589 1676 2627 lat,

304 2654 366 2688 lib.
394 2666 452 2697 *13
479 2653 628 2686 Florum
644 2678 652 2694 ,
675 2665 685 2684 1
703 2678 711 2694 ,
746 2651 806 2694 183
835 2651 1022 2693 solinum,
1039 2664 1116 2696 cap.
1142 2649 1209 2693 233
1236 2650 1453 2684 Frontinum
1468 2677 1477 2692 ,
1498 2650 1677 2695 Stratag„
