1783 3282
259 237 297 260 21
310 237 328 258 2
715 227 863 263 NOTAE
891 230 942 264 IN
971 230 1159 265 JUSTINI

311 309 511 354 Adaspios.
540 309 610 351 Qui
637 309 708 343 sint
732 324 810 345 non
830 312 999 354 invenio,
1021 312 1072 345 ait
1091 312 1288 357 Bongars.‚
1316 311 1418 358 quod
1440 313 1551 359 vulgo
1576 313 1629 347 le-

258 369 354 415 gitur
374 369 612 416 Hydaspi0s‚
634 383 772 406 nomen
801 380 852 407 est
881 373 928 407 ab
948 372 1130 417 Hydaspe
1155 371 1268 405 Indiae
1282 370 1397 406 fluvio
1418 371 1627 407 confictum.

258 431 332 463 Nec
362 429 502 475 placet,
530 431 630 477 quod
660 432 814 479 Caspios
842 432 991 478 quidam
1017 431 1224 465 ediderunt.
1251 432 1352 475 Quid
1382 433 1412 466 si
1438 434 1549 467 Arios
1576 433 1629 465 le—

257 489 407 535 gamus?
433 511 484 516 —-
502 492 581 537 Ego
608 492 804 526 lectionem
834 492 1051 538 Hydaspios
1076 490 1214 525 malim.
1247 491 1339 525 Vide
1364 499 1460 536 not.‚
1482 505 1545 536 XI,
1574 503 1629 525 12.

312 551 394 584 Cu».
427 552 488 585 VI.
521 551 738 586 chorasmos
770 560 804 586 et
833 551 980 585 Dahas.
1008 551 1165 585 Arriano
1178 578 1186 594 ‚
1222 552 1285 585 lib.
1321 565 1379 595 lv,
1405 559 1630 602 Χωρασμένοι;

259 610 453 653 Straboni,
483 624 517 645 11
533 639 542 655 ‚
564 618 845 662 Χωρασμευσὶνοις
868 611 1010 654 Plinio,
1037 624 1095 653 VI,
1128 611 1193 655 16,
1217 611 1439 655 Chorasmii,
1466 625 1486 647 a
1507 618 1631 662 χωράσ-

261 690 344 720 μιος,
375 673 519 715 accola,
545 671 730 706 confinis:
758 683 847 718 ergo
874 671 1029 706 omnino
1061 672 1262 718 legendum
1301 673 1536 708 Chorasmios
1561 685 1631 719 pro

263 732 500 775 Chorasmos,
526 733 617 766 sicut
636 733 673 766 in
700 732 834 767 Plinio.
855 733 983 767 Dahoe
1003 733 1140 767 Graecis
1161 740 1245 767 sunt
1265 739 1347 771 Δάαι
1360 765 1367 779 ‚
1386 745 1456 780 pro
1481 745 1554 780 quo
1574 732 1633 767 hic

261 793 412 839 quidam
425 793 534 828 Sacoe
552 800 805 839 reposuerunt.
822 793 986 836 Curtius,
1007 806 1085 837 vn,
1107 798 1148 837 4,
1169 793 1211 834 6,
1233 793 1486 837 Chorasmios,
1511 794 1634 828 Dahas

261 860 296 889 et
314 855 420 889 Sacas
441 853 653 901 conjungit,
671 861 712 888 ut
734 854 902 897 Solinus,
925 866 1002 900 cap.
1026 852 1085 888 51.
1106 854 1234 888 Dalzoe
1252 867 1391 889 nomen
1405 854 1526 889 sortiti
1551 861 1635 888 sunt

262 929 283 949 a
303 918 385 961 δοίη,
408 927 553 961 pugna,
574 917 679 960 ὃάῐος,
698 914 862 958 hostilis,
883 926 1016 961 rapax,
1043 914 1216 958 bellicus,
1242 915 1342 950 bello
1369 923 1505 962 captus.

315 978 395 1011 CAP.
411 978 493 1011 VII.
514 977 681 1011 Adorari
696 988 736 1011 se
749 975 866 1020 jubet.
887 975 1136 1022 Hieronymus
1155 975 1195 1009 in
1213 975 1404 1010 Ruffinum
1425 990 1432 1010 :
1461 978 1636 1022 Quinde-

263 1046 364 1080 rant,
380 1039 497 1072 solent
508 1038 716 1072 deosculari
726 1050 890 1079 manum,
906 1044 941 1071 et
957 1037 1082 1083 capita
1100 1037 1318 1071 submittere.
1334 1038 1507 1072 Adorare
1525 1038 1638 1084 igitur

265 1112 308 1134 ex
334 1100 387 1132 ad
415 1105 450 1133 et
484 1111 544 1141 os,
584 1099 675 1142 oris,
701 1098 901 1133 formatum
933 1105 1003 1141 est,
1028 1104 1063 1132 et
1084 1097 1177 1131 nihil
1197 1098 1298 1132 aliud
1317 1104 1370 1132 est
1389 1111 1501 1144 quam
1522 1100 1576 1132 ad
1599 1111 1639 1132 os

264 1160 358 1195 ferre
388 1172 538 1195 manum
566 1166 601 1194 et
635 1172 716 1195 eam
750 1159 928 1203 oseulari,
965 1159 1057 1193 sicut
1084 1158 1196 1193 etiam
1219 1171 1317 1193 nunc
1335 1159 1440 1205 pueri
1463 1159 1640 1194 rusticani

266 1221 363 1267 apud
384 1234 464 1256 nos.
492 1223 609 1256 Persae
635 1221 745 1256 etiam
769 1233 926 1267 corpora
954 1227 1190 1267 prosternere
1218 1220 1389 1255 solebant
1423 1220 1463 1254 in
1491 1221 1641 1267 regibus

267 1283 340 1316 suis
359 1282 558 1317 adorandis
570 1309 578 1325 ,
597 1282 769 1316 manibus
788 1288 873 1328 post
893 1288 1038 1327 tergum
1056 1280 1234 1324 reductis,
1253 1281 1368 1315 modo
1391 1281 1641 1328 captivorum,

267 1350 358 1378 teste
384 1344 572 1386 Luciano,
593 1344 629 1377 in
658 1343 827 1390 Navigio.
861 1343 951 1376 Vide
969 1355 1031 1385 VI,
1060 1354 1093 1376 2.

319 1405 610 1452 Argyraspidas.
631 1405 713 1438 Hoc
732 1410 785 1438 est
804 1403 987 1450 argenteis
1010 1404 1148 1449 parmis
1169 1403 1333 1450 insignes
1346 1430 1355 1445 ‚
1368 1404 1428 1438 vel
1447 1410 1642 1449 argenteos

269 1467 416 1513 clypeos
437 1473 641 1512 gestante53
664 1478 708 1500 ex
734 1472 880 1515 &5²7⁰{203a
902 1472 1112 1511 argentum,
1138 1472 1174 1499 et
1192 1466 1476 1511 &07:{;‚clypeu5.
1498 1465 1639 1498 Horum

270 1526 488 1568 meminere,
507 1533 640 1572 praeter
659 1526 750 1559 alios
764 1552 772 1568 ,
801 1525 963 1568 Curtius,
990 1538 1049 1568 1v,
1073 1524 1137 1569 13,
1164 1530 1207 1567 41
1227 1552 1236 1569 ,
1259 1532 1294 1559 et
1317 1525 1462 1568 Livius,
1484 1537 1641 1567 xxxvn,

273 1592 336 1629 40,
361 1599 392 1630 7.
420 1587 512 1632 Imp.
539 1586 752 1621 Alexander
766 1587 942 1629 Severus,
962 1585 1213 1620 Alexandrum
1239 1587 1438 1632 Magnum,
1458 1597 1560 1619 suum
1575 1597 1643 1618 co-

272 1647 507 1694 gnominem,
536 1646 723 1689 imitandi,
750 1647 825 1681 imo
848 1646 1023 1681 vincendi
1049 1647 1190 1690 studio,
1211 1659 1323 1693 quum
1342 1646 1644 1693 Argyraspidas,

273 1716 350 1741 tum
377 1708 487 1742 etiam
511 1707 810 1755 Clzrysoaspidas
828 1707 997 1741 instituit.
1021 1708 1040 1739 l
1053 1708 1112 1742 ide
1131 1709 1320 1742 LAMPRID.
1334 1734 1343 1750 ‚
1363 1707 1402 1740 in
1421 1707 1518 1749 vita,
1538 1718 1568 1740 c.
1586 1704 1644 1740 50.

273 1769 397 1802 Livius
410 1795 418 1811 ‚
444 1781 504 1811 1x‚
529 1773 593 1812 40,
616 1781 654 1811 2,
670 1768 715 1803 de
736 1768 964 1803 Samnitibus
986 1781 1068 1802 cum
1088 1768 1266 1803 Romanis
1286 1779 1448 1814 pugnam
1462 1767 1646 1800 instruen-

275 1829 391 1872 tibus,
414 1828 536 1875 inquit
561 1842 568 1861 :
600 1830 682 1863 Duo
704 1830 880 1863 exercitus
899 1836 1004 1863 erant
1024 1842 1035 1862 :
1058 1837 1159 1863 scuta
1185 1829 1335 1863 alterius
1360 1840 1471 1869 auro,
1498 1827 1645 1861 alterius

275 1897 427 1936 argento
453 1891 685 1924 caelaverunt.

330 1951 435 1984 Sacri
453 1951 593 1984 moniis.
620 1950 695 1994 Qui
719 1951 843 1984 Il1eros
857 1951 992 1984 dicitur
1012 1950 1138 1984 Curtio
1151 1977 1160 1993 ‚
1181 1962 1276 1993 mu,
1296 1962 1339 1984 10
1353 1976 1361 1992 ,
1382 1961 1447 1992 20,
1466 1949 1531 1982 ubi
1552 1949 1647 1982 Bac—

274 2013 384 2046 chum
404 2011 601 2044 enutritum
621 2011 804 2045 fabulatur
818 2011 1026 2056 antiquitas.
1048 2011 1205 2051 Plinius,
1219 2023 1277 2053 VI,
1294 2022 1335 2044 21
1353 2037 1361 2053 ,
1381 2010 1527 2043 fllerwn
1540 2021 1647 2042 mon-

277 2080 350 2106 tem
361 2072 492 2105 Libero
504 2073 614 2118 patri
629 2084 790 2113 sacrum,
813 2084 833 2105 a
856 2072 960 2117 Nysa
975 2072 1097 2105 vicina
1117 2072 1207 2105 urbe
1231 2070 1445 2116 distinguit3
1469 2076 1503 2104 et
1522 2081 1650 2103 revera

278 2134 375 2179 Nysa
401 2132 468 2166 sita
493 2138 570 2166 erat
592 2131 660 2166 sub
683 2131 869 2165 radicibus
896 2131 1033 2165 montis
1053 2132 1178 2165 ,Meros
1203 2131 1310 2174 dicti,
1337 2144 1355 2164 a
1386 2136 1499 2180 μηρός,
1518 2130 1652 2172 femur,

277 2194 380 2239 quod
399 2194 503 2227 Jovis
527 2193 666 2227 femore
686 2192 800 2227 Liber
829 2198 933 2238 pater
955 2192 1064 2226 fuerit
1083 2192 1238 2235 celatus,
1259 2198 1293 2225 et
1320 2191 1408 2225 inde
1427 2196 1654 2241 Μῃρορῥαφῆς,

279 2254 411 2289 femori
422 2255 564 2288 insutus
575 2280 584 2296 ,
596 2253 891 2299 cognominatus,
906 2252 1004 2286 unde
1016 2253 1237 2295 fflerovoeus,
1253 2252 1380 2298 primae
1391 2252 1514 2298 stirpis
1522 2263 1651 2297 regum

281 2316 506 2350 Francorum
513 2314 692 2361 mythicus
707 2312 892 2355 conditor,
903 2313 1003 2346 idem
1012 2325 1052 2346 ac
1060 2313 1244 2359 Dionysus
1256 2326 1265 2355 ;
1279 2313 1378 2346 unde
1391 2319 1426 2347 et
1438 2312 1653 2359 Dionysius,

281 2376 436 2409 Luteriae
448 2375 587 2422 primus
607 2374 817 2420 episcopus,
836 2380 871 2407 et
896 2372 933 2406 in
948 2374 1079 2406 Monte
1093 2374 1297 2419 Martyrum
1316 2373 1433 2419 capite
1455 2379 1651 2407 truncatus.

332 2436 396 2469 Ad
409 2448 543 2470 saxum
560 2436 667 2469 miroe
681 2434 908 2481 asperitatis.
924 2435 1030 2467 Petra
1044 2432 1155 2482 Ᾰςρηῃς
1169 2446 1230 2467 seu
1245 2433 1365 2483 Ᾰςριης,
1378 2440 1417 2467 ut
1435 2434 1547 2468 habet
1559 2433 1653 2467 Dio-

281 2497 414 2539 dorus,
434 2508 541 2537 xvn,
570 2495 637 2538 85,
661 2502 696 2529 et
715 2496 759 2537 Q.
783 2494 926 2528 Curtius
956 2507 963 2527 :
992 2494 1039 2527 ab
1066 2512 1086 2530 α
1105 2494 1199 2539 priv.
1228 2501 1263 2528 et
1289 2500 1379 2543 ὄρνις,
1402 2494 1495 2536 avis,
1524 2494 1653 2528 avibus

282 2570 428 2600 carens,
455 2557 547 2591 sicut
574 2559 745 2592 Avernus.
775 2554 868 2588 Inde
902 2554 1017 2597 dicta,
1044 2553 1146 2599 quod
1174 2567 1246 2600 prae
1278 2554 1470 2589 altitudine
1505 2554 1551 2588 ad
1574 2565 1653 2587 eam

283 2631 366 2652 arcs
396 2618 543 2652 evolare
561 2629 638 2651 non
658 2622 830 2663 possent,
857 2621 892 2649 et
916 2613 991 2646 sino
1019 2612 1135 2646 dubio
1160 2614 1261 2659 quod
1292 2616 1386 2649 lacus
1418 2618 1581 2648 Avernus
1607 2614 1653 2647 ad
