1783 3282
368 306 414 340 30
956 305 1144 340 JUSTINI

366 388 558 443 inflatus,
593 386 779 446 denique
813 397 913 430 ante
950 388 1298 446 experimentum
1337 384 1459 440 belli,
1488 384 1648 428 fiducia
1677 385 1739 427 vi-

365 468 503 523 rium,
527 464 660 509 veluti
687 476 851 509 naturae
878 467 1012 526 ipsius
1043 465 1244 508 dominus
1262 498 1273 520 ,
1301 474 1344 507 et
1374 474 1544 508 montes
1574 465 1618 506 in
1644 462 1737 523 pla-

364 562 469 588 num
493 545 697 600 ducebat,
726 555 767 587 et
798 561 989 588 convexa
1013 543 1192 587 vallium
1219 544 1434 603 aequabat,
1463 553 1507 586 et
1540 543 1736 602 quaedam

364 625 500 667 maria
523 624 728 684 pontibus
754 623 994 678 sternebat,
1020 622 1210 682 quadam
1238 622 1293 665 ad
1314 623 1602 682 navigationis
1618 638 1735 665 com-

363 703 541 746 modum
563 720 640 763 per
655 702 963 762 compendium
982 702 1182 745 ducebat.

426 785 504 825 XI.
529 782 666 841 Cujus
691 783 894 825 introitus
922 783 965 824 in
991 782 1207 824 Graeciam
1231 796 1362 839 quam
1392 778 1618 834 terribilis,
1646 788 1734 823 tam

362 862 502 921 turpis
526 877 577 904 ac
601 861 740 905 foedus
762 861 974 904 discessus
998 860 1093 903 fuit.
1110 861 1224 904 Nam
1241 876 1377 919 quum
1400 858 1635 913 Leonidas,
1660 874 1735 902 rex

362 929 703 1000 Spartanorum,
731 956 830 982 cum
859 949 1047 999 quatuor
1074 937 1268 982 millibus
1294 937 1485 981 militum
1513 938 1735 998 angustias

362 1018 754 1078 Thermopylarum
777 1027 1051 1077 occupasset,
1079 1020 1274 1072 Xerxes,
1304 1026 1560 1076 contemptu
1588 1017 1738 1077 pauci-

362 1099 479 1152 tatis,
500 1114 572 1140 eos
593 1113 785 1157 pugnam
807 1112 1030 1156 capessere
1050 1096 1203 1155 jubet,
1230 1111 1418 1155 quorum
1446 1097 1620 1155 cognati
1643 1098 1737 1140 Ma-

361 1176 561 1218 rathonia
589 1192 736 1235 pugna
757 1174 974 1218 interfecti
997 1174 1195 1218 fuerant:
1219 1175 1313 1233 qui,
1338 1174 1441 1217 dum
1465 1173 1616 1217 ulcisci
1635 1191 1735 1218 suos

362 1263 590 1314 quaerunt,
624 1255 887 1314 principium
930 1253 1063 1297 cladis
1096 1253 1216 1296 fuere
1243 1270 1251 1296 :
1285 1253 1543 1296 succedente
1579 1253 1736 1297 deinde

362 1333 505 1377 inutili
528 1334 672 1389 turba,
697 1334 836 1393 major
853 1333 989 1377 caedes
1012 1333 1167 1376 editur.
1189 1332 1354 1376 Triduo
1378 1333 1436 1375 ibi
1461 1349 1560 1375 cum
1586 1331 1739 1376 dolore

361 1423 404 1456 et
428 1412 724 1473 indignatione
743 1415 975 1456 Persarum
1005 1411 1261 1455 dimicatum
1281 1428 1289 1454 :
1307 1421 1463 1470 quarta
1485 1411 1573 1467 die,
1599 1428 1736 1471 quum

360 1493 611 1535 nuntiatum
641 1500 751 1535 esset
774 1491 997 1547 Leonidae,
1023 1508 1048 1534 a
1074 1508 1129 1534 xx
1164 1490 1355 1534 millibus
1390 1491 1585 1534 hostium
1618 1508 1736 1534 sum-

360 1587 481 1614 mum
505 1587 713 1614 cacumen
737 1571 893 1625 teneri,
918 1580 1023 1613 tunc
1042 1570 1243 1613 hortatur
1270 1571 1435 1625 socios,
1459 1569 1736 1625 «Recedant‚

359 1660 403 1693 et
437 1667 480 1694 se
515 1650 569 1693 ad
601 1648 781 1692 meliora
821 1650 970 1709 patriae
1009 1659 1205 1708 tempora
1239 1658 1462 1691 reservent
1486 1666 1495 1691 :
1518 1649 1600 1692 sibi
1636 1665 1735 1692 cum

359 1731 582 1789 Spartanis
604 1729 824 1771 fortunam
847 1728 1179 1788 experiendam3
1204 1727 1330 1787 plura
1352 1743 1395 1771 se
1418 1728 1586 1787 patriae,
1605 1744 1737 1787 quam

359 1809 456 1851 vitae
489 1808 645 1851 debere
676 1825 684 1850 :
715 1817 881 1851 ceteros
915 1807 970 1850 ad
1002 1807 1200 1867 praesidia
1228 1808 1408 1850 Graeciae
1443 1807 1692 1851 servandos.
1717 1826 1738 1848 »

359 1887 522 1931 Audito
546 1887 658 1947 regis
682 1887 885 1946 imperio,
912 1886 1146 1929 discessere
1169 1887 1322 1941 ceteri,
1349 1885 1429 1929 soli
1459 1886 1738 1930 Lacedaemo-

358 1967 418 2008 nii
438 1975 754 2009 remanserunt.
779 1966 911 2009 Initio
926 1965 1056 2024 hujus
1079 1964 1182 2008 belli
1207 1965 1528 2008 sciscitantibus
1550 1964 1737 2026 Delphis

359 2043 535 2087 oracula
567 2061 824 2103 responsum
862 2044 1020 2095 fuerat,
1056 2054 1131 2087 aut
1163 2044 1254 2104 regi
1292 2045 1627 2104 Spartanorum,
1661 2055 1738 2088 aut

358 2123 456 2166 urbi
482 2123 738 2166 cadendum.
761 2125 818 2166 Et
842 2123 1006 2165 idcirco
1023 2139 1095 2165 rex
1119 2123 1334 2166 Leonidas
1353 2139 1491 2183 quum
1506 2124 1549 2166 in
1569 2122 1735 2167 bellum

357 2202 723 2261 proficisceretur,
752 2203 810 2244 ita
842 2218 941 2246 suos
964 2201 1238 2257 firmaverat,
1272 2212 1319 2245 ut
1348 2204 1410 2246 ire
1433 2219 1477 2247 se
1501 2213 1655 2263 parato
1681 2204 1736 2247 ad

360 2281 636 2324 moriendum
659 2282 806 2324 animo
832 2282 1005 2324 scirent.
1036 2283 1271 2341 Angustias
1294 2292 1525 2342 propterea
1548 2298 1735 2343 occupa-

359 2370 505 2416 verat,
542 2370 590 2403 ut
627 2376 727 2403 cum
762 2361 912 2420 paucis
942 2370 1017 2403 aut
1049 2361 1213 2420 majore
1245 2359 1382 2420 gloria
1412 2362 1632 2417 vinceret,
1658 2372 1735 2405 aut

361 2440 528 2482 minore
546 2439 705 2482 damno
727 2438 978 2499 reipublicae
1004 2440 1190 2483 caderet.
1208 2441 1410 2484 Dimissis
1433 2441 1568 2500 igitur
1589 2442 1732 2497 sociis,

358 2518 558 2561 hortatur
584 2520 839 2577 Spartanos,
864 2520 1207 2575 «Meminerint,
1232 2518 1594 2579 qualitercunque
1622 2536 1735 2580 proe-

359 2597 564 2640 liantibus
585 2597 828 2640 cadendum
852 2615 943 2641 esse
966 2616 974 2641 :
1001 2608 1228 2654 caverent,
1250 2615 1303 2641 ne
1326 2599 1481 2642 fortius
1503 2600 1731 2655 mansisse,

360 2693 489 2735 quam
505 2677 731 2720 dimicasse
749 2677 1000 2729 videantur3
1015 2694 1094 2721 nec
1110 2678 1465 2738 exspectandum,
1479 2687 1529 2720 ut
1543 2678 1597 2721 ab
1609 2678 1733 2722 hoste
