<?xml version="1.0" encoding="UTF-8"?>
<!DOCTYPE html PUBLIC "-//W3C//DTD XHTML 1.0 Transitional//EN"
    "http://www.w3.org/TR/xhtml1/DTD/xhtml1-transitional.dtd">
<html xmlns="http://www.w3.org/1999/xhtml" xml:lang="en" lang="en">
 <head>
  <title>
</title>
<meta http-equiv="Content-Type" content="text/html;charset=utf-8" />
  <meta name='ocr-system' content='tesseract 3.04.00' />
  <meta name='ocr-capabilities' content='ocr_page ocr_carea ocr_par ocr_line ocrx_word'/>
</head>
<body>
  <div class='ocr_page' id='page_1' title='image "./historiarumphili01justuoft_0094.png"; bbox 0 0 1783 3282; ppageno 0'>
   <div class='ocr_carea' id='block_1_1' title="bbox 370 263 1727 280">
    <p class='ocr_par' dir='ltr' id='par_1_1' title="bbox 370 263 1727 280">
     <span class='ocr_line' id='line_1_1' title="bbox 370 263 1727 280; baseline 0.001 -4"><span class='ocrx_word' id='word_1_1' title='bbox 370 263 492 276; x_wconf 46' lang='lat' dir='ltr'>§Nm</span> <span class='ocrx_word' id='word_1_2' title='bbox 497 263 555 275; x_wconf 54' lang='lat' dir='ltr'>§.m</span> <span class='ocrx_word' id='word_1_3' title='bbox 559 263 617 276; x_wconf 49' lang='lat' dir='ltr'>m}</span> <span class='ocrx_word' id='word_1_4' title='bbox 621 264 741 277; x_wconf 57' lang='lat' dir='ltr'>stxnxx</span> <span class='ocrx_word' id='word_1_5' title='bbox 745 264 803 276; x_wconf 61' lang='grc' dir='ltr'>ᾺἮΊ</span> <span class='ocrx_word' id='word_1_6' title='bbox 810 273 817 277; x_wconf 73' lang='grc'><em>.</em></span> <span class='ocrx_word' id='word_1_7' title='bbox 821 266 830 276; x_wconf 68' lang='grc' dir='ltr'>ἱ</span> <span class='ocrx_word' id='word_1_8' title='bbox 833 266 850 278; x_wconf 53' lang='lat' dir='ltr'>‘k</span> <span class='ocrx_word' id='word_1_9' title='bbox 854 266 864 278; x_wconf 61' lang='lat'><em>2</em></span> <span class='ocrx_word' id='word_1_10' title='bbox 869 266 990 279; x_wconf 64' lang='lat' dir='ltr'>mm</span> <span class='ocrx_word' id='word_1_11' title='bbox 993 264 1114 279; x_wconf 49' lang='lat' dir='ltr'>tfflmzw</span> <span class='ocrx_word' id='word_1_12' title='bbox 1117 267 1177 279; x_wconf 56' lang='grc' dir='ltr'>ᾺὟΙΙ</span> <span class='ocrx_word' id='word_1_13' title='bbox 1180 266 1239 278; x_wconf 63' lang='grc' dir='ltr'>ι“-“</span> <span class='ocrx_word' id='word_1_14' title='bbox 1242 266 1362 280; x_wconf 54' lang='lat' dir='ltr'>{mm</span> <span class='ocrx_word' id='word_1_15' title='bbox 1366 266 1426 279; x_wconf 64' lang='lat' dir='ltr'>m</span> <span class='ocrx_word' id='word_1_16' title='bbox 1429 264 1517 278; x_wconf 52' lang='grc' dir='ltr'>ΜΊΙΒΧ</span> <span class='ocrx_word' id='word_1_17' title='bbox 1521 266 1548 278; x_wconf 63' lang='lat' dir='ltr'>m</span> <span class='ocrx_word' id='word_1_18' title='bbox 1553 265 1674 278; x_wconf 63' lang='lat' dir='ltr'>WWhm</span> <span class='ocrx_word' id='word_1_19' title='bbox 1677 266 1704 277; x_wconf 60' lang='lat' dir='ltr'>§A</span> <span class='ocrx_word' id='word_1_20' title='bbox 1709 266 1727 278; x_wconf 68' lang='grc' dir='ltr'>Μ</span> 
     </span>
    </p>
   </div>
   <div class='ocr_carea' id='block_1_2' title="bbox 808 477 1286 533">
    <p class='ocr_par' dir='ltr' id='par_1_2' title="bbox 808 477 1286 533">
     <span class='ocr_line' id='line_1_2' title="bbox 808 477 1286 533; baseline -0.002 -1"><span class='ocrx_word' id='word_1_21' title='bbox 808 477 1069 532; x_wconf 90' lang='lat' dir='ltr'>LIBER</span> <span class='ocrx_word' id='word_1_22' title='bbox 1112 477 1286 533; x_wconf 85' lang='lat' dir='ltr'><strong>VIII.</strong></span> 
     </span>
    </p>
   </div>
   <div class='ocr_carea' id='block_1_3' title="bbox 370 866 1743 2611">
    <p class='ocr_par' dir='ltr' id='par_1_3' title="bbox 370 866 1743 2611">
     <span class='ocr_line' id='line_1_3' title="bbox 370 866 1735 958; baseline 0 -17"><span class='ocrx_word' id='word_1_23' title='bbox 370 900 402 942; x_wconf 93' lang='grc' dir='ltr'>Ι.</span> <span class='ocrx_word' id='word_1_24' title='bbox 437 866 670 949; x_wconf 76' lang='lat' dir='ltr'><strong>GRAECIAE</strong></span> <span class='ocrx_word' id='word_1_25' title='bbox 698 900 915 953; x_wconf 88' lang='lat' dir='ltr'>civitates,</span> <span class='ocrx_word' id='word_1_26' title='bbox 944 898 1047 941; x_wconf 92' lang='lat' dir='ltr'>dum</span> <span class='ocrx_word' id='word_1_27' title='bbox 1072 899 1289 958; x_wconf 83' lang='lat' dir='ltr'>imperare</span> <span class='ocrx_word' id='word_1_28' title='bbox 1321 896 1499 958; x_wconf 74' lang='lat' dir='ltr'>singulae</span> <span class='ocrx_word' id='word_1_29' title='bbox 1531 897 1735 957; x_wconf 87' lang='lat' dir='ltr'>cupiunt,</span> 
     </span>
     <span class='ocr_line' id='line_1_4' title="bbox 371 975 1737 1037; baseline -0.001 -17"><span class='ocrx_word' id='word_1_30' title='bbox 371 978 601 1037; x_wconf 87' lang='lat' dir='ltr'>imperium</span> <span class='ocrx_word' id='word_1_31' title='bbox 634 993 783 1019; x_wconf 90' lang='lat' dir='ltr'>omnes</span> <span class='ocrx_word' id='word_1_32' title='bbox 808 975 1093 1035; x_wconf 88' lang='lat' dir='ltr'>perdiderunt</span> <span class='ocrx_word' id='word_1_33' title='bbox 1126 993 1135 1018; x_wconf 89' lang='lat'>:</span> <span class='ocrx_word' id='word_1_34' title='bbox 1162 977 1323 1036; x_wconf 88' lang='lat' dir='ltr'><strong>quippe</strong></span> <span class='ocrx_word' id='word_1_35' title='bbox 1350 977 1393 1019; x_wconf 91' lang='lat' dir='ltr'>in</span> <span class='ocrx_word' id='word_1_36' title='bbox 1423 986 1626 1019; x_wconf 89' lang='lat' dir='ltr'>mutuum</span> <span class='ocrx_word' id='word_1_37' title='bbox 1648 977 1737 1019; x_wconf 87' lang='lat' dir='ltr'>exi-</span> 
     </span>
     <span class='ocr_line' id='line_1_5' title="bbox 372 1054 1737 1115; baseline -0.001 -17"><span class='ocrx_word' id='word_1_38' title='bbox 372 1057 483 1098; x_wconf 90' lang='lat' dir='ltr'>tium</span> <span class='ocrx_word' id='word_1_39' title='bbox 509 1057 599 1099; x_wconf 92' lang='lat' dir='ltr'>sine</span> <span class='ocrx_word' id='word_1_40' title='bbox 631 1054 760 1097; x_wconf 92' lang='lat' dir='ltr'>modo</span> <span class='ocrx_word' id='word_1_41' title='bbox 783 1063 980 1109; x_wconf 86' lang='lat' dir='ltr'>ruentes,</span> <span class='ocrx_word' id='word_1_42' title='bbox 1010 1055 1209 1097; x_wconf 88' lang='lat' dir='ltr'>omnibus</span> <span class='ocrx_word' id='word_1_43' title='bbox 1239 1056 1380 1114; x_wconf 88' lang='lat' dir='ltr'>perire</span> <span class='ocrx_word' id='word_1_44' title='bbox 1412 1055 1529 1114; x_wconf 92' lang='lat' dir='ltr'>quod</span> <span class='ocrx_word' id='word_1_45' title='bbox 1559 1054 1737 1115; x_wconf 87' lang='lat' dir='ltr'>singulae</span> 
     </span>
     <span class='ocr_line' id='line_1_6' title="bbox 373 1133 1739 1193; baseline 0 -17"><span class='ocrx_word' id='word_1_46' title='bbox 373 1134 640 1189; x_wconf 87' lang='lat' dir='ltr'>amitterent,</span> <span class='ocrx_word' id='word_1_47' title='bbox 663 1150 750 1176; x_wconf 91' lang='lat' dir='ltr'>non</span> <span class='ocrx_word' id='word_1_48' title='bbox 772 1134 854 1176; x_wconf 90' lang='lat' dir='ltr'>nisi</span> <span class='ocrx_word' id='word_1_49' title='bbox 877 1149 1095 1193; x_wconf 87' lang='lat' dir='ltr'>oppressae</span> <span class='ocrx_word' id='word_1_50' title='bbox 1118 1143 1345 1176; x_wconf 88' lang='lat' dir='ltr'>senserunt</span> <span class='ocrx_word' id='word_1_51' title='bbox 1367 1151 1375 1176; x_wconf 93' lang='lat'>:</span> <span class='ocrx_word' id='word_1_52' title='bbox 1400 1133 1616 1193; x_wconf 88' lang='lat' dir='ltr'>siquidem</span> <span class='ocrx_word' id='word_1_53' title='bbox 1642 1134 1739 1176; x_wconf 91' lang='lat' dir='ltr'>Phi-</span> 
     </span>
     <span class='ocr_line' id='line_1_7' title="bbox 372 1210 1739 1272; baseline 0 -18"><span class='ocrx_word' id='word_1_54' title='bbox 372 1211 541 1272; x_wconf 83' lang='lat' dir='ltr'>lippus,</span> <span class='ocrx_word' id='word_1_55' title='bbox 570 1228 644 1254; x_wconf 81' lang='lat' dir='ltr'>rex</span> <span class='ocrx_word' id='word_1_56' title='bbox 671 1211 958 1267; x_wconf 83' lang='lat' dir='ltr'>Macedoniae,</span> <span class='ocrx_word' id='word_1_57' title='bbox 984 1210 1103 1254; x_wconf 88' lang='lat' dir='ltr'>velut</span> <span class='ocrx_word' id='word_1_58' title='bbox 1130 1228 1152 1254; x_wconf 92' lang='lat' dir='ltr'>e</span> <span class='ocrx_word' id='word_1_59' title='bbox 1180 1211 1354 1271; x_wconf 87' lang='lat' dir='ltr'>specula</span> <span class='ocrx_word' id='word_1_60' title='bbox 1375 1211 1584 1270; x_wconf 87' lang='lat' dir='ltr'>quadam,</span> <span class='ocrx_word' id='word_1_61' title='bbox 1614 1210 1739 1254; x_wconf 90' lang='lat' dir='ltr'>liber-</span> 
     </span>
     <span class='ocr_line' id='line_1_8' title="bbox 372 1290 1737 1347; baseline 0.001 -14"><span class='ocrx_word' id='word_1_62' title='bbox 372 1291 450 1333; x_wconf 82' lang='lat' dir='ltr'>tati</span> <span class='ocrx_word' id='word_1_63' title='bbox 472 1292 665 1334; x_wconf 89' lang='lat' dir='ltr'>omnium</span> <span class='ocrx_word' id='word_1_64' title='bbox 691 1290 937 1347; x_wconf 79' lang='lat' dir='ltr'>insidiatus,</span> <span class='ocrx_word' id='word_1_65' title='bbox 958 1290 1062 1334; x_wconf 91' lang='lat' dir='ltr'>dum</span> <span class='ocrx_word' id='word_1_66' title='bbox 1083 1291 1381 1334; x_wconf 84' lang='lat' dir='ltr'>contentiones</span> <span class='ocrx_word' id='word_1_67' title='bbox 1399 1291 1625 1334; x_wconf 84' lang='lat' dir='ltr'>civitatum</span> <span class='ocrx_word' id='word_1_68' title='bbox 1646 1290 1737 1345; x_wconf 87' lang='lat' dir='ltr'>alit,</span> 
     </span>
     <span class='ocr_line' id='line_1_9' title="bbox 371 1369 1738 1431; baseline 0 -18"><span class='ocrx_word' id='word_1_69' title='bbox 371 1369 580 1413; x_wconf 80' lang='lat' dir='ltr'>auxilium</span> <span class='ocrx_word' id='word_1_70' title='bbox 605 1370 880 1413; x_wconf 88' lang='lat' dir='ltr'>inferioribus</span> <span class='ocrx_word' id='word_1_71' title='bbox 903 1370 1101 1426; x_wconf 80' lang='lat' dir='ltr'>ferendo,</span> <span class='ocrx_word' id='word_1_72' title='bbox 1125 1371 1263 1413; x_wconf 90' lang='lat' dir='ltr'>victos</span> <span class='ocrx_word' id='word_1_73' title='bbox 1282 1371 1445 1431; x_wconf 88' lang='lat' dir='ltr'>pariter</span> <span class='ocrx_word' id='word_1_74' title='bbox 1464 1371 1738 1430; x_wconf 85' lang='lat' dir='ltr'>victoresque</span> 
     </span>
     <span class='ocr_line' id='line_1_10' title="bbox 373 1449 1739 1509; baseline 0.001 -18"><span class='ocrx_word' id='word_1_75' title='bbox 373 1449 516 1491; x_wconf 91' lang='lat' dir='ltr'>subire</span> <span class='ocrx_word' id='word_1_76' title='bbox 553 1450 715 1509; x_wconf 84' lang='lat' dir='ltr'>regiam</span> <span class='ocrx_word' id='word_1_77' title='bbox 750 1450 1002 1493; x_wconf 87' lang='lat' dir='ltr'>servitutem</span> <span class='ocrx_word' id='word_1_78' title='bbox 1031 1450 1184 1509; x_wconf 84' lang='lat' dir='ltr'>coegit.</span> <span class='ocrx_word' id='word_1_79' title='bbox 1212 1451 1353 1492; x_wconf 85' lang='lat' dir='ltr'>Causa</span> <span class='ocrx_word' id='word_1_80' title='bbox 1381 1459 1423 1492; x_wconf 89' lang='lat' dir='ltr'>et</span> <span class='ocrx_word' id='word_1_81' title='bbox 1459 1449 1582 1509; x_wconf 81' lang='lat' dir='ltr'>origo</span> <span class='ocrx_word' id='word_1_82' title='bbox 1609 1449 1739 1508; x_wconf 86' lang='lat' dir='ltr'>hujus</span> 
     </span>
     <span class='ocr_line' id='line_1_11' title="bbox 374 1527 1740 1588; baseline 0 -18"><span class='ocrx_word' id='word_1_83' title='bbox 374 1527 475 1570; x_wconf 88' lang='lat' dir='ltr'>mali</span> <span class='ocrx_word' id='word_1_84' title='bbox 503 1528 697 1570; x_wconf 82' lang='lat' dir='ltr'>Thebani</span> <span class='ocrx_word' id='word_1_85' title='bbox 730 1527 850 1570; x_wconf 87' lang='lat' dir='ltr'>fuere</span> <span class='ocrx_word' id='word_1_86' title='bbox 876 1544 884 1570; x_wconf 91' lang='lat'>:</span> <span class='ocrx_word' id='word_1_87' title='bbox 909 1529 1003 1588; x_wconf 92' lang='lat' dir='ltr'>qui,</span> <span class='ocrx_word' id='word_1_88' title='bbox 1041 1544 1175 1587; x_wconf 92' lang='lat' dir='ltr'>quum</span> <span class='ocrx_word' id='word_1_89' title='bbox 1202 1544 1348 1570; x_wconf 88' lang='lat' dir='ltr'>rerum</span> <span class='ocrx_word' id='word_1_90' title='bbox 1383 1529 1650 1587; x_wconf 80' lang='lat' dir='ltr'>potirentur,</span> <span class='ocrx_word' id='word_1_91' title='bbox 1681 1543 1740 1570; x_wconf 88' lang='lat' dir='ltr'>se-</span> 
     </span>
     <span class='ocr_line' id='line_1_12' title="bbox 373 1605 1739 1662; baseline 0.001 -15"><span class='ocrx_word' id='word_1_92' title='bbox 373 1605 560 1648; x_wconf 88' lang='lat' dir='ltr'>cundam</span> <span class='ocrx_word' id='word_1_93' title='bbox 582 1605 797 1649; x_wconf 88' lang='lat' dir='ltr'>fortunam</span> <span class='ocrx_word' id='word_1_94' title='bbox 812 1605 1030 1649; x_wconf 89' lang='lat' dir='ltr'>imbecillo</span> <span class='ocrx_word' id='word_1_95' title='bbox 1053 1607 1198 1649; x_wconf 90' lang='lat' dir='ltr'>animo</span> <span class='ocrx_word' id='word_1_96' title='bbox 1219 1606 1421 1662; x_wconf 82' lang='lat' dir='ltr'>ferentes,</span> <span class='ocrx_word' id='word_1_97' title='bbox 1440 1607 1579 1649; x_wconf 89' lang='lat' dir='ltr'>victos</span> <span class='ocrx_word' id='word_1_98' title='bbox 1608 1607 1739 1649; x_wconf 88' lang='lat' dir='ltr'>armis</span> 
     </span>
     <span class='ocr_line' id='line_1_13' title="bbox 372 1683 1741 1744; baseline 0.001 -18"><span class='ocrx_word' id='word_1_99' title='bbox 372 1683 723 1727; x_wconf 85' lang='lat' dir='ltr'>Lacedaemonios</span> <span class='ocrx_word' id='word_1_100' title='bbox 752 1694 795 1727; x_wconf 91' lang='lat' dir='ltr'>et</span> <span class='ocrx_word' id='word_1_101' title='bbox 815 1685 1086 1740; x_wconf 86' lang='lat' dir='ltr'>Phocenses,</span> <span class='ocrx_word' id='word_1_102' title='bbox 1115 1686 1238 1744; x_wconf 86' lang='lat' dir='ltr'>quasi</span> <span class='ocrx_word' id='word_1_103' title='bbox 1262 1700 1395 1744; x_wconf 90' lang='lat' dir='ltr'>parva</span> <span class='ocrx_word' id='word_1_104' title='bbox 1425 1683 1639 1744; x_wconf 88' lang='lat' dir='ltr'>supplicia</span> <span class='ocrx_word' id='word_1_105' title='bbox 1668 1701 1741 1727; x_wconf 84' lang='lat' dir='ltr'>cae-</span> 
     </span>
     <span class='ocr_line' id='line_1_14' title="bbox 373 1762 1742 1823; baseline 0.001 -18"><span class='ocrx_word' id='word_1_106' title='bbox 373 1762 499 1806; x_wconf 92' lang='lat' dir='ltr'>dibus</span> <span class='ocrx_word' id='word_1_107' title='bbox 526 1772 568 1806; x_wconf 91' lang='lat' dir='ltr'>et</span> <span class='ocrx_word' id='word_1_108' title='bbox 590 1763 753 1823; x_wconf 89' lang='lat' dir='ltr'>rapinis</span> <span class='ocrx_word' id='word_1_109' title='bbox 768 1762 964 1818; x_wconf 90' lang='lat' dir='ltr'>luissent,</span> <span class='ocrx_word' id='word_1_110' title='bbox 995 1763 1112 1823; x_wconf 89' lang='lat' dir='ltr'>apud</span> <span class='ocrx_word' id='word_1_111' title='bbox 1135 1780 1366 1807; x_wconf 89' lang='lat' dir='ltr'>commune</span> <span class='ocrx_word' id='word_1_112' title='bbox 1391 1764 1569 1807; x_wconf 84' lang='lat' dir='ltr'>Graeciae</span> <span class='ocrx_word' id='word_1_113' title='bbox 1597 1764 1742 1806; x_wconf 88' lang='lat' dir='ltr'>conci-</span> 
     </span>
     <span class='ocr_line' id='line_1_15' title="bbox 374 1841 1738 1901; baseline 0 -17"><span class='ocrx_word' id='word_1_114' title='bbox 374 1841 480 1884; x_wconf 92' lang='lat' dir='ltr'>lium</span> <span class='ocrx_word' id='word_1_115' title='bbox 496 1842 680 1901; x_wconf 84' lang='lat' dir='ltr'>superbe</span> <span class='ocrx_word' id='word_1_116' title='bbox 694 1851 1018 1885; x_wconf 86' lang='lat' dir='ltr'>accusaverunt.</span> <span class='ocrx_word' id='word_1_117' title='bbox 1033 1842 1371 1885; x_wconf 72' lang='lat' dir='ltr'>Lacedaemoniis</span> <span class='ocrx_word' id='word_1_118' title='bbox 1386 1843 1559 1885; x_wconf 85' lang='lat' dir='ltr'>crimini</span> <span class='ocrx_word' id='word_1_119' title='bbox 1574 1841 1738 1897; x_wconf 88' lang='lat' dir='ltr'>datum,</span> 
     </span>
     <span class='ocr_line' id='line_1_16' title="bbox 373 1920 1742 1980; baseline 0.001 -18"><span class='ocrx_word' id='word_1_120' title='bbox 373 1920 491 1978; x_wconf 90' lang='lat' dir='ltr'>quod</span> <span class='ocrx_word' id='word_1_121' title='bbox 530 1936 673 1963; x_wconf 86' lang='lat' dir='ltr'>arcem</span> <span class='ocrx_word' id='word_1_122' title='bbox 712 1920 942 1963; x_wconf 85' lang='lat' dir='ltr'>thebanam</span> <span class='ocrx_word' id='word_1_123' title='bbox 992 1920 1266 1963; x_wconf 83' lang='lat' dir='ltr'>induciarum</span> <span class='ocrx_word' id='word_1_124' title='bbox 1302 1931 1498 1980; x_wconf 87' lang='lat' dir='ltr'>tempore</span> <span class='ocrx_word' id='word_1_125' title='bbox 1540 1937 1742 1980; x_wconf 88' lang='lat' dir='ltr'>occupas-</span> 
     </span>
     <span class='ocr_line' id='line_1_17' title="bbox 375 1998 1739 2059; baseline 0 -18"><span class='ocrx_word' id='word_1_126' title='bbox 375 2008 495 2053; x_wconf 79' lang='lat' dir='ltr'>sent3</span> <span class='ocrx_word' id='word_1_127' title='bbox 532 1998 845 2054; x_wconf 86' lang='lat' dir='ltr'>Phocensibus,</span> <span class='ocrx_word' id='word_1_128' title='bbox 883 1999 1000 2058; x_wconf 90' lang='lat' dir='ltr'>quod</span> <span class='ocrx_word' id='word_1_129' title='bbox 1033 2000 1243 2042; x_wconf 82' lang='lat' dir='ltr'>Boeotiam</span> <span class='ocrx_word' id='word_1_130' title='bbox 1279 1998 1531 2059; x_wconf 88' lang='lat' dir='ltr'>depopulati</span> <span class='ocrx_word' id='word_1_131' title='bbox 1567 2009 1739 2042; x_wconf 87' lang='lat' dir='ltr'>essent:</span> 
     </span>
     <span class='ocr_line' id='line_1_18' title="bbox 377 2077 1743 2138; baseline 0.001 -18"><span class='ocrx_word' id='word_1_132' title='bbox 377 2094 571 2137; x_wconf 87' lang='lat' dir='ltr'>prorsus,</span> <span class='ocrx_word' id='word_1_133' title='bbox 598 2079 721 2137; x_wconf 88' lang='lat' dir='ltr'>quasi</span> <span class='ocrx_word' id='word_1_134' title='bbox 745 2088 841 2138; x_wconf 89' lang='lat' dir='ltr'>post</span> <span class='ocrx_word' id='word_1_135' title='bbox 864 2094 985 2121; x_wconf 89' lang='lat' dir='ltr'>arma</span> <span class='ocrx_word' id='word_1_136' title='bbox 1008 2088 1050 2120; x_wconf 89' lang='lat' dir='ltr'>et</span> <span class='ocrx_word' id='word_1_137' title='bbox 1075 2077 1256 2134; x_wconf 87' lang='lat' dir='ltr'>bellum,</span> <span class='ocrx_word' id='word_1_138' title='bbox 1284 2078 1428 2121; x_wconf 86' lang='lat' dir='ltr'>locum</span> <span class='ocrx_word' id='word_1_139' title='bbox 1455 2077 1621 2138; x_wconf 85' lang='lat' dir='ltr'>legibus</span> <span class='ocrx_word' id='word_1_140' title='bbox 1647 2077 1743 2121; x_wconf 87' lang='lat' dir='ltr'>reli-</span> 
     </span>
     <span class='ocr_line' id='line_1_19' title="bbox 375 2156 1741 2216; baseline 0 -17"><span class='ocrx_word' id='word_1_141' title='bbox 375 2157 581 2215; x_wconf 85' lang='lat' dir='ltr'>quissent.</span> <span class='ocrx_word' id='word_1_142' title='bbox 598 2157 750 2212; x_wconf 84' lang='lat' dir='ltr'>Quum</span> <span class='ocrx_word' id='word_1_143' title='bbox 771 2156 987 2216; x_wconf 85' lang='lat' dir='ltr'>judicium</span> <span class='ocrx_word' id='word_1_144' title='bbox 1010 2158 1192 2200; x_wconf 88' lang='lat' dir='ltr'>arbitrio</span> <span class='ocrx_word' id='word_1_145' title='bbox 1216 2158 1429 2199; x_wconf 67' lang='lat' dir='ltr'>victorum</span> <span class='ocrx_word' id='word_1_146' title='bbox 1452 2167 1741 2211; x_wconf 77' lang='lat' dir='ltr'>exerceretur,</span> 
     </span>
     <span class='ocr_line' id='line_1_20' title="bbox 376 2235 1739 2296; baseline 0.001 -19"><span class='ocrx_word' id='word_1_147' title='bbox 376 2245 493 2278; x_wconf 88' lang='lat' dir='ltr'>tanta</span> <span class='ocrx_word' id='word_1_148' title='bbox 533 2237 717 2295; x_wconf 85' lang='lat' dir='ltr'>pecunia</span> <span class='ocrx_word' id='word_1_149' title='bbox 755 2235 1037 2289; x_wconf 87' lang='lat' dir='ltr'>damnantur,</span> <span class='ocrx_word' id='word_1_150' title='bbox 1069 2246 1232 2295; x_wconf 87' lang='lat' dir='ltr'>quanta</span> <span class='ocrx_word' id='word_1_151' title='bbox 1266 2235 1428 2279; x_wconf 83' lang='lat' dir='ltr'>exsolvi</span> <span class='ocrx_word' id='word_1_152' title='bbox 1461 2253 1548 2278; x_wconf 85' lang='lat' dir='ltr'>non</span> <span class='ocrx_word' id='word_1_153' title='bbox 1582 2246 1739 2296; x_wconf 87' lang='lat' dir='ltr'>posset.</span> 
     </span>
     <span class='ocr_line' id='line_1_21' title="bbox 376 2314 1742 2376; baseline 0.001 -19"><span class='ocrx_word' id='word_1_154' title='bbox 376 2316 516 2374; x_wconf 78' lang='lat' dir='ltr'>Igitur</span> <span class='ocrx_word' id='word_1_155' title='bbox 553 2315 814 2369; x_wconf 87' lang='lat' dir='ltr'>Phocenses,</span> <span class='ocrx_word' id='word_1_156' title='bbox 850 2332 985 2374; x_wconf 88' lang='lat' dir='ltr'>quum</span> <span class='ocrx_word' id='word_1_157' title='bbox 1023 2316 1160 2374; x_wconf 82' lang='lat' dir='ltr'>agris,</span> <span class='ocrx_word' id='word_1_158' title='bbox 1198 2314 1362 2367; x_wconf 85' lang='lat' dir='ltr'>liberis,</span> <span class='ocrx_word' id='word_1_159' title='bbox 1396 2316 1742 2376; x_wconf 77' lang='lat' dir='ltr'>conjugibusque</span> 
     </span>
     <span class='ocr_line' id='line_1_22' title="bbox 377 2393 1741 2454; baseline 0.001 -19"><span class='ocrx_word' id='word_1_160' title='bbox 377 2394 652 2452; x_wconf 76' lang='lat' dir='ltr'>privarentur</span> <span class='ocrx_word' id='word_1_161' title='bbox 666 2428 677 2448; x_wconf 93' lang='lat'>,</span> <span class='ocrx_word' id='word_1_162' title='bbox 703 2393 938 2453; x_wconf 86' lang='lat' dir='ltr'>desperatis</span> <span class='ocrx_word' id='word_1_163' title='bbox 958 2394 1105 2447; x_wconf 87' lang='lat' dir='ltr'>rebus,</span> <span class='ocrx_word' id='word_1_164' title='bbox 1131 2393 1372 2437; x_wconf 88' lang='lat' dir='ltr'>Philomelo</span> <span class='ocrx_word' id='word_1_165' title='bbox 1394 2394 1583 2454; x_wconf 88' lang='lat' dir='ltr'>quodam</span> <span class='ocrx_word' id='word_1_166' title='bbox 1607 2394 1716 2437; x_wconf 94' lang='lat' dir='ltr'>duce</span> <span class='ocrx_word' id='word_1_167' title='bbox 1731 2428 1741 2446; x_wconf 88' lang='lat'>,</span> 
     </span>
     <span class='ocr_line' id='line_1_23' title="bbox 377 2470 1741 2532; baseline 0.001 -19"><span class='ocrx_word' id='word_1_168' title='bbox 377 2470 494 2514; x_wconf 81' lang='lat' dir='ltr'>velut</span> <span class='ocrx_word' id='word_1_169' title='bbox 522 2472 602 2514; x_wconf 88' lang='lat' dir='ltr'>deo</span> <span class='ocrx_word' id='word_1_170' title='bbox 636 2473 886 2527; x_wconf 85' lang='lat' dir='ltr'>irascentes,</span> <span class='ocrx_word' id='word_1_171' title='bbox 912 2472 1124 2531; x_wconf 89' lang='lat' dir='ltr'>templum</span> <span class='ocrx_word' id='word_1_172' title='bbox 1153 2475 1294 2532; x_wconf 87' lang='lat' dir='ltr'>ipsum</span> <span class='ocrx_word' id='word_1_173' title='bbox 1322 2472 1536 2532; x_wconf 82' lang='lat' dir='ltr'>Apollinis</span> <span class='ocrx_word' id='word_1_174' title='bbox 1562 2471 1741 2531; x_wconf 85' lang='lat' dir='ltr'>Delphis</span> 
     </span>
     <span class='ocr_line' id='line_1_24' title="bbox 376 2551 1741 2611; baseline 0 -18"><span class='ocrx_word' id='word_1_175' title='bbox 376 2567 656 2610; x_wconf 88' lang='lat' dir='ltr'>occupavere.</span> <span class='ocrx_word' id='word_1_176' title='bbox 683 2551 791 2594; x_wconf 89' lang='lat' dir='ltr'>Inde</span> <span class='ocrx_word' id='word_1_177' title='bbox 811 2568 918 2593; x_wconf 86' lang='lat' dir='ltr'>auro</span> <span class='ocrx_word' id='word_1_178' title='bbox 936 2561 979 2594; x_wconf 85' lang='lat' dir='ltr'>et</span> <span class='ocrx_word' id='word_1_179' title='bbox 996 2552 1176 2611; x_wconf 75' lang='lat' dir='ltr'>pecunia</span> <span class='ocrx_word' id='word_1_180' title='bbox 1195 2551 1368 2607; x_wconf 85' lang='lat' dir='ltr'>divites,</span> <span class='ocrx_word' id='word_1_181' title='bbox 1395 2551 1614 2594; x_wconf 85' lang='lat' dir='ltr'>conducto</span> <span class='ocrx_word' id='word_1_182' title='bbox 1636 2567 1741 2593; x_wconf 90' lang='lat' dir='ltr'>mer-</span> 
     </span>
    </p>
   </div>
   <div class='ocr_carea' id='block_1_4' title="bbox 377 2629 1742 2685">
    <p class='ocr_par' dir='ltr' id='par_1_4' title="bbox 377 2629 1742 2685">
     <span class='ocr_line' id='line_1_25' title="bbox 377 2629 1742 2685; baseline -0.001 -12"><span class='ocrx_word' id='word_1_183' title='bbox 377 2632 549 2673; x_wconf 77' lang='lat' dir='ltr'>cenario</span> <span class='ocrx_word' id='word_1_184' title='bbox 575 2631 732 2685; x_wconf 87' lang='lat' dir='ltr'>milite,</span> <span class='ocrx_word' id='word_1_185' title='bbox 759 2630 919 2673; x_wconf 84' lang='lat' dir='ltr'>bellum</span> <span class='ocrx_word' id='word_1_186' title='bbox 938 2631 1152 2673; x_wconf 75' lang='lat' dir='ltr'>Thebanis</span> <span class='ocrx_word' id='word_1_187' title='bbox 1170 2630 1423 2673; x_wconf 82' lang='lat' dir='ltr'>intulerunt.</span> <span class='ocrx_word' id='word_1_188' title='bbox 1439 2633 1616 2673; x_wconf 82' lang='lat' dir='ltr'>Factum</span> <span class='ocrx_word' id='word_1_189' title='bbox 1636 2629 1742 2672; x_wconf 86' lang='lat' dir='ltr'>Pho-</span> 
     </span>
    </p>
   </div>
  </div>
 </body>
</html>
