1783 3282
281 255 464 271 mmm
468 257 526 269 unm
531 256 665 270 mmmmm-st
668 255 774 268 mwm
778 256 960 270 wuwvvvth
964 256 1024 268 νιιι
1028 258 1085 270 ινιι
1088 258 1149 271 νυνι
1152 255 1211 267 *ΛΑ-ἰ
1214 256 1224 266 ⁸
1228 256 1242 267 ²
1246 256 1271 267 ⁸¹
1276 257 1334 270 uum
1338 255 1410 269 ιννυ
1413 254 1457 265 ⁸¹⁸³
1462 255 1521 267 mx
1526 256 1580 268 ινιτ
1587 256 1597 267 ι
1600 256 1637 268 w

744 467 999 522 LIBER
1042 466 1181 520 VII.

279 892 313 934 Ι.
347 857 672 939 MACEDONIA
700 902 820 948 ante,
852 892 1027 934 nomine
1058 891 1329 935 Emathionis
1363 891 1495 951 regis,
1521 891 1644 950 cujus

282 970 422 1029 prima
444 971 617 1013 virtutis
645 971 941 1030 experimenta
973 970 1017 1012 in
1048 969 1130 1012 illis
1165 968 1271 1012 locis
1299 979 1486 1025 exstant,
1522 971 1646 1012 Ema-

282 1048 372 1092 thia
395 1049 702 1108 cognominata
727 1057 803 1091 est.
833 1048 994 1107 Hujus,
1018 1047 1145 1091 sicuti
1164 1048 1430 1091 incrementa
1454 1048 1642 1103 modica,

282 1127 343 1170 ita
366 1126 540 1169 termini
562 1126 814 1187 perangusti
832 1125 965 1169 fuere.
988 1124 1180 1185 Populus
1195 1124 1381 1186 Pelasgi,
1402 1126 1520 1185 regio
1534 1128 1646 1169 Paeo-

281 1205 352 1248 nia
388 1204 626 1249 dicebatur.
657 1205 741 1249 Sed
773 1215 941 1265 postea,
970 1205 1131 1248 virtute
1163 1221 1316 1265 regum
1344 1214 1387 1248 et
1418 1205 1557 1265 gentis
1586 1205 1646 1247 in-

281 1283 446 1327 dustria
481 1283 669 1328 subactis
705 1284 848 1344 primo
876 1283 1089 1338 finitimis,
1125 1301 1225 1327 mox
1259 1282 1432 1343 populis
1465 1284 1646 1327 nationi-

281 1362 467 1421 busque,
485 1361 716 1423 imperium
730 1378 868 1422 usque
884 1373 1097 1406 extremos
1112 1363 1304 1406 Orientis
1320 1363 1528 1406 terminos
1551 1379 1646 1423 pro-

282 1439 430 1483 latum.
440 1442 491 1483 In
506 1441 681 1501 regione
695 1442 880 1497 Paeonia,
895 1457 989 1500 quae
1004 1458 1120 1484 nunc
1138 1441 1281 1500 portio
1293 1441 1643 1495 estMacedoniae‚

282 1534 480 1579 regnasse
495 1519 633 1562 fertur
646 1518 906 1580 Pelegonus‚
922 1530 1044 1580 pater
1057 1520 1316 1580 Asteropaei‚
1335 1521 1457 1580 cujus
1476 1521 1646 1579 trojano

281 1596 414 1651 bello,
430 1598 543 1640 inter
557 1596 817 1642 clarissimos
831 1598 1022 1641 vindices
1039 1599 1179 1653 urbis,
1200 1614 1358 1642 nomen
1383 1599 1643 1658 accepimus.

281 1678 345 1719 Ex
377 1675 459 1719 alio
491 1675 623 1720 latere
662 1677 705 1719 in
743 1679 917 1737 Europa
947 1693 1129 1737 regnum
1159 1679 1358 1736 Europus
1388 1677 1562 1720 nomine
1593 1687 1648 1720 te-

283 1755 391 1798 nuit.
422 1755 506 1798 Sed
539 1764 583 1798 et
609 1757 804 1800 Caranus
839 1772 939 1799 cum
969 1772 1126 1816 magna
1160 1755 1441 1799 multitudine
1477 1757 1647 1800 Graeco-

282 1849 380 1877 rum
410 1833 530 1877 sedes
569 1835 614 1877 in
650 1835 905 1878 Macedonia
930 1851 1137 1894 responso
1167 1833 1330 1878 oraculi
1360 1836 1505 1894 jussus
1537 1852 1648 1894 quae-

283 1929 397 1967 rere,
415 1929 550 1972 quum
582 1914 625 1956 in
647 1913 892 1957 Emathiam
915 1914 1117 1968 venisset,
1142 1913 1295 1957 urbem
1316 1913 1540 1968 Edessam,
1560 1930 1646 1956 non

284 1991 568 2036 sentientibus
592 1992 843 2052 oppidanis⁷
870 2001 1047 2052 propter
1074 1993 1278 2036 imbrium
1300 2002 1343 2035 et
1369 1992 1536 2035 nebulae
1564 2009 1648 2035 ma-

285 2071 576 2132 gnitudinem,
612 2088 786 2133 gregem
821 2088 1050 2131 caprarum
1088 2072 1269 2115 imbrem
1302 2071 1562 2132 fugientium
1593 2090 1650 2116 se-

286 2160 432 2206 cutus,
463 2150 726 2210 occupavit:
755 2160 1067 2210 revocatusque
1099 2151 1143 2192 in
1174 2151 1428 2193 memoriam
1464 2150 1646 2203 oraculi,

286 2245 373 2288 quo
395 2230 540 2289 jussus
574 2239 685 2285 erat,
711 2230 944 2273 «Ducibus
971 2231 1110 2289 capris
1139 2230 1369 2289 imperium
1399 2247 1608 2289 quaerere,
1630 2252 1648 2271 ))

287 2309 408 2368 regni
433 2308 577 2352 sedem
600 2309 771 2362 statuit3
786 2308 1068 2369 religioseque
1091 2319 1239 2368 postea
1262 2309 1524 2363 observavit,
1549 2327 1649 2369 quo-

289 2403 460 2446 cunque
490 2403 645 2448 agmen
681 2397 894 2442 moveret,
923 2397 1022 2431 ante
1054 2389 1172 2447 signa
1207 2388 1376 2431 easdem
1406 2405 1555 2447 capras
1581 2389 1650 2432 ha-

287 2465 414 2520 bere,
441 2476 682 2526 coeptorum
719 2466 850 2509 duces
884 2466 1130 2521 habiturus,
1159 2483 1264 2525 quas
1294 2468 1414 2526 regni
1440 2467 1649 2510 habuerat

289 2554 499 2588 auctores.
551 2545 716 2589 Urbem
766 2545 991 2600 Edessam,
1036 2546 1089 2588 ob
1139 2546 1391 2589 memoriam
1436 2547 1646 2599 muneris,

289 2625 458 2684 AEgeas,
490 2622 699 2683 populum
729 2624 935 2684 AEgeadas
968 2625 1147 2667 vocavit.
1184 2624 1315 2668 Pulso
1344 2625 1497 2668 deinde
1531 2626 1647 2667 Mida
