1783 3282
326 310 375 333 20
920 297 1106 331 JUSTINI

325 397 460 441 genus
483 396 558 439 per
584 379 763 422 feminas
786 379 1032 422 intercidat.
1052 398 1070 417 »
1097 378 1174 421 His
1198 378 1329 437 igitur
1353 378 1455 419 Asia
1480 393 1555 435 per
1579 372 1697 416 inille

325 460 584 519 quingentos
607 474 742 501 annos
768 456 990 518 vectigalis
1019 457 1111 499 fuit.
1140 456 1364 499 Pendendi
1390 456 1543 498 tributi
1566 454 1696 497 finem

326 539 484 593 Ninus,
509 554 585 580 rex
605 538 899 596 Assyriorum,
921 537 1141 595 imposuit.
1714 594 1722 603 „

384 616 568 660 IV.-Sed
591 616 706 676 apud
730 616 910 675 Scythas
937 615 1079 658 medio
1107 625 1301 674 tempore
1328 615 1414 658 duo
1443 615 1550 674 regii
1571 614 1696 673 juve-

326 713 416 751 nes,
440 695 592 739 Ylinos
619 693 948 754 et‘Scolopitus‚
974 710 1051 753 per
1075 693 1309 737 factionem
1333 694 1593 752 optimatum
1618 692 1696 735 do—

326 792 394 818 mo
429 772 569 834 pulsi,
609 774 827 833 ingentem
857 773 1131 832 juventutem
1165 789 1311 816 secum
1347 782 1540 824 traxere3
1576 780 1618 813 et
1652 771 1696 813 in

322 852 608 913 Cappadociae
638 869 742 907 ora,
769 853 895 912 juxta
927 868 1100 895 amnem
1131 851 1458 894 Thermodonta
1489 849 1696 893 consede-

323 942 450 988 runt,
472 933 776 991 subjectosque
791 931 1111 990 Themiscyrios
1135 947 1312 989 campos
1331 946 1611 989 occupavere.
1629 929 1697 974 Ibi

324 1029 399 1071 per
431 1011 591 1055 multos
625 1027 760 1053 annos
797 1009 981 1069 spoliare
1014 1009 1223 1052 finitimos
1261 1011 1446 1065 assueti,
1479 1010 1698 1069 conspira-

325 1093 440 1134 tione
453 1088 715 1150 populorum
733 1105 810 1148 per
832 1088 1007 1131 insidias
1023 1087 1313 1130 trucidantur.
1334 1091 1504 1131 Horum
1519 1105 1694 1143 uxores,

323 1186 457 1229 quum
480 1169 678 1212 viderent
699 1166 848 1211 exsilio
871 1166 1061 1210 additam
1081 1166 1336 1221 orbitatem,
1354 1183 1475 1209 arma
1499 1177 1697 1221 sumunt3

323 1250 515 1308 finesque
544 1265 669 1303 suos,
696 1247 1002 1291 submoventes
1030 1247 1171 1306 primo
1189 1280 1200 1300 ‚
1225 1262 1326 1289 mox
1351 1247 1481 1289 etiam
1509 1246 1696 1289 inferen-

324 1339 387 1372 tes
410 1327 538 1383 bella,
563 1327 812 1370 defendunt.
842 1326 1047 1369 Nubendi
1076 1342 1249 1385 quoque
1277 1325 1474 1369 finitimis
1500 1326 1695 1370 animum

322 1409 505 1451 omisere
522 1441 533 1462 ,
557 1407 828 1461 servitutem,
848 1422 936 1448 non
953 1406 1281 1448 matrimonium
1299 1404 1578 1465 appellantes.
1598 1407 1696 1448 Sin-

323 1486 470 1547 gulare
493 1487 688 1529 omnium
710 1484 956 1528 seculorum
975 1483 1220 1544 exemplum
1247 1500 1378 1539 ausae,
1404 1500 1561 1527 auxere
1581 1501 1696 1527 rem-

321 1565 538 1625 publicam
563 1566 653 1608 sine
676 1565 778 1607 viris
799 1581 807 1607 :
828 1565 918 1624 jam
942 1565 1071 1607 etiam
1097 1580 1196 1607 cum
1219 1573 1476 1623 contemptu
1500 1565 1691 1607 virorum

321 1662 364 1687 se
388 1654 579 1687 tuentur.
608 1647 664 1688 Et
694 1660 747 1686 ne
782 1642 996 1687 feliciores
1031 1642 1124 1686 aliae
1156 1642 1250 1685 aliis
1276 1641 1547 1698 viderentur,
1578 1644 1694 1686 viros

321 1725 396 1783 qui
418 1723 535 1766 domi
559 1732 857 1766 remanserant
881 1721 1160 1765 interficiunt.
1177 1721 1403 1766 Ultionem
1422 1737 1595 1780 quoque
1618 1738 1695 1765 cae-

321 1819 468 1845 sorum
480 1802 717 1862 conjugum
733 1800 902 1844 excidio
918 1800 1205 1843 finitimorum
1222 1810 1563 1859 consequuntur.
1581 1803 1693 1844 Tum

321 1897 424 1941 pace
447 1881 578 1924 armis
602 1882 799 1939 quaesita,
822 1895 876 1921 ne
895 1895 1030 1939 genus
1054 1879 1276 1934 interiret,
1295 1880 1577 1923 concubitum
1602 1880 1698 1923 fini-

321 1961 529 2003 timorum
548 1961 710 2002 ineunt.
730 1960 773 2002 Si
788 1959 861 2018 qui
878 1975 1017 2001 mares
1041 1968 1345 2013 nascerentur,
1359 1958 1694 2002 interficiebant.

321 2040 522 2099 Virgines
546 2039 588 2081 in
613 2038 799 2081 eundem
828 2039 931 2097 ipsis
955 2054 1140 2093 morem,
1169 2054 1256 2080 non
1283 2038 1390 2092 otio,
1418 2055 1558 2097 neque
1585 2038 1695 2082 lani·

322 2118 446 2174 ficio,
470 2117 544 2161 sed
566 2119 723 2173 armis,
747 2118 869 2177 equis
888 2151 899 2173 ,
920 2117 1224 2160 venationibus
1243 2118 1520 2173 exercebant,
1540 2119 1694 2162 inustis

322 2196 537 2240 infantum
574 2196 891 2239 dexterioribus
923 2197 1150 2251 mammis,
1179 2212 1231 2239 ne
1271 2198 1527 2256 sagittarum
1551 2198 1694 2257 jactus

322 2275 605 2335 impediretur
626 2292 634 2317 :
661 2275 775 2318 unde
792 2277 1033 2319 Amazones
1063 2275 1188 2318 dictae
1215 2285 1328 2318 sunt.
1361 2277 1469 2319 Duae
1491 2276 1558 2319 his
1581 2279 1694 2338 regi—

321 2371 384 2397 nae
406 2354 543 2409 fuere,
566 2355 784 2414 Marpesia
809 2364 852 2397 et
874 2354 1116 2414 Lampedo‚
1140 2371 1234 2413 quae
1260 2356 1304 2397 in
1329 2354 1434 2398 duas
1458 2365 1599 2414 partes
1622 2373 1698 2417 ag-

320 2434 435 2476 mine
458 2432 614 2488 diviso,
640 2432 811 2493 inclytae
829 2434 919 2493 jam
943 2433 1116 2493 opibus,
1143 2434 1309 2477 vicibus
1332 2434 1539 2494 gerebant
1561 2434 1693 2492 bella,

321 2511 419 2555 solae
454 2513 662 2555 terminos
695 2511 873 2556 alternis
907 2511 1185 2556 defendentes
1215 2530 1223 2555 :
1252 2523 1295 2556 et
1328 2529 1382 2555 ne
1420 2514 1692 2558 successibus

321 2589 486 2634 deesset
507 2593 743 2635 auctoritas
761 2626 771 2646 ,
796 2593 961 2651 genitas
984 2608 1027 2634 se
1049 2594 1191 2635 Marte
1208 2592 1512 2652 praedicabant.
1538 2595 1692 2653 Itaque

321 2670 483 2729 majore
517 2680 637 2729 parte
671 2673 856 2730 Europae
890 2671 1084 2727 subacta,
1116 2673 1226 2715 Asiae
1258 2688 1431 2731 quoque
1460 2671 1692 2716 nonnullas
