1783 3282
692 266 883 300 LIBRL'M
916 269 1001 302 XII.
1448 273 1518 306 215

155 348 310 389 Medea,
334 345 519 381 veneficiis
544 347 707 391 infamis,
727 348 855 382 eadem
872 360 949 395 quae
968 349 1080 390 Jaso,
1102 349 1202 396 imos,
1222 352 1289 386 dea
1303 353 1519 397 sanationis,

152 406 351 453 AEsculapii
368 405 441 441 filia
453 434 461 450 ‚
482 415 515 442 et
529 409 752 451 Alleclz'trina,
774 408 966 443 medicinae
991 408 1058 442 dea
1070 435 1079 450 ,
1098 417 1132 443 et
1155 414 1315 456 Μηδικάς,
1332 413 1517 456 Medicus,

150 467 346 501 Medorum
365 468 536 514 proprius
548 495 557 511 ,
579 469 813 515 medicusque
832 469 944 503 latine
965 466 1069 518 (ἰατὴρ
1081 501 1088 513 ,
1102 479 1229 518 graece)
1244 499 1252 515 ,
1267 474 1366 518 quod
1389 475 1520 510 Media

149 527 386 563 medicinales
394 529 537 575 plantas
547 529 690 576 gignat,
701 529 979 576 proindequein
994 530 1161 563 Medicus
1175 533 1233 565 vel
1248 533 1394 568 Medius
1401 536 1521 581 potuit

150 587 348 623 efformari.
372 590 519 624 Medius
542 590 640 624 enim
659 591 874 634 Thessalus,
893 590 1134 636 Medic-usque
1153 590 1342 637 Philippus
1355 620 1363 635 ,
1391 607 1409 629 a
1440 596 1523 642 qui-

148 649 215 683 bus
245 650 384 696 pariter
413 652 588 697 poculum
613 651 754 698 accepit
783 651 1008 694 Alexander,
1039 651 1306 698 Philippusque
1328 653 1522 701 pincerna,

149 710 212 757 qui
236 711 430 757 potionem
448 711 527 758 regi
545 711 748 756 ministrat,
771 719 854 746 sunt
872 724 945 746 una
971 711 1174 759 eademque
1196 713 1344 757 fabula3
1376 715 1466 751 sicut
1487 727 1522 753 et

148 783 333 806 venenum
353 772 453 818 cujus
476 779 577 807 tanta
600 773 655 807 vis
669 780 767 816 erat,
785 780 825 807 ut
844 773 916 808 nisi
931 773 969 806 in
989 776 1125 820 ungula
1148 775 1234 822 equi
1250 775 1434 811 contineri
1452 791 1521 825 po—

147 832 275 876 tuerit,
302 833 476 879 quodque
502 840 761 880 praegustatum
783 833 853 868 fuit
879 847 898 868 a
923 833 1117 881 Philippo,
1141 835 1240 881 cujus
1268 849 1408 872 nomen
1431 850 1521 885 grae-

148 906 230 927 cum
263 895 462 928 Delectans
493 894 607 941 equiS,
632 894 723 929 sicut
745 894 844 941 apud
869 907 938 929 nos
963 897 996 929 le
1021 896 1165 939 Follet,
1199 905 1316 932 sonat.
1340 899 1465 934 Media
1490 908 1523 935 et

146 954 334 989 Thessalia
361 953 464 1000 equis
489 962 525 989 et
546 955 671 989 herbis
694 954 867 990 veneficis
893 955 1031 1002 pariter
1051 957 1151 1003 apud
1171 965 1312 993 veteres
1332 960 1524 996 celebratae

145 1021 263 1059 erant,
288 1022 323 1050 et
343 1015 509 1050 exstabat
533 1016 649 1050 herba
669 1029 762 1063 quae,
774 1016 878 1063 juxta
897 1018 1115 1052 Marcellum
1128 1019 1375 1067 Empiricum,
1394 1023 1523 1069 gallice

145 1075 450 1120 callaebmarclzus,
479 1076 591 1112 latine
611 1090 701 1119 EQUI
725 1089 875 1113 UNGULA
889 1105 899 1122 ,
927 1078 1023 1113 dicta
1044 1086 1129 1113 erat.

196 1138 278 1172 CAp.
307 1138 407 1172 XIV.
445 1139 593 1185 Ungula
623 1139 718 1185 equi.
745 1139 804 1174 Sic
833 1147 868 1174 et
894 1140 1110 1184 PausaniaS,
1137 1140 1175 1174 in
1202 1142 1404 1177 Arcadicis.
1431 1144 1521 1178 Plu—

145 1200 291 1233 tarchus
322 1205 464 1242 autem,
485 1201 618 1241 Alma,
651 1212 680 1234 c.
710 1212 797 1247 129,
820 1207 855 1235 et
880 1201 1068 1245 AElianus,
1096 1202 1192 1236 Hz'st.
1214 1204 1360 1246 Anima,
1385 1216 1427 1249 x,
1452 1209 1522 1247 40,

143 1262 322 1308 ungulam
342 1260 555 1302 asl'ninam5
574 1260 748 1295 Arrianus
761 1288 770 1305 ,
798 1262 860 1296 lib.
885 1275 969 1306 νας
989 1262 1148 1305 Plinius,
1172 1262 1246 1297 fine
1266 1264 1354 1298 libri
1377 1277 1469 1309 xxx,
1488 1274 1524 1300 et

143 1320 351 1364 Vitruvius,
377 1333 476 1364 vul,
502 1321 538 1364 3,
557 1322 758 1363 malinam,
784 1322 928 1356 Curtius
944 1349 953 1366 ,
972 1335 1016 1366 x,
1048 1335 1111 1367 10,
1136 1321 1204 1367 25,
1219 1323 1381 1368 jumenti
1402 1339 1522 1374 :ulgu—

143 1384 219 1416 lam
239 1381 400 1425 habent,
420 1381 522 1428 quod
540 1381 587 1416 ad
606 1381 707 1416 idem
729 1382 894 1416 recurrit.
921 1383 1044 1430 Equus
1061 1383 1160 1417 enim
1175 1411 1184 1427 ,
1205 1386 1331 1419 asinus
1351 1393 1386 1420 et
1404 1389 1523 1421 mulus

141 1450 226 1477 sunt
260 1455 376 1477 unum
406 1443 579 1489 idemque
613 1443 838 1489 symbolum,
873 1443 1047 1479 videlicet
1079 1445 1209 1480 sideris
1241 1448 1274 1480 le
1292 1448 1416 1494 grand
1439 1456 1473 1482 et
1490 1450 1524 1482 le

137 1504 233 1551 petit
254 1504 386 1539 cheval
414 1504 544 1551 gallice
579 1504 688 1547 dicti,
719 1516 913 1551 propeque
945 1506 1163 1552 amphoram
1188 1507 1265 1550 siti,
1300 1515 1335 1542 et
1360 1510 1524 1556 oppositi

142 1565 285 1599 duabus
305 1565 420 1599 stellis
441 1564 540 1611 signi
560 1565 700 1609 cancri,
722 1578 810 1612 quas
833 1572 894 1604 ὄνοι
915 1579 979 1601 seu
997 1567 1070 1600 duo
1088 1567 1188 1601 asini
1209 1569 1406 1603 vocabant.
1430 1571 1523 1604 Inde

141 1625 265 1660 ferunt
283 1626 354 1661 hoc
379 1638 564 1661 venenum
584 1626 622 1659 in
643 1628 729 1673 equi
749 1629 891 1674 ungula
919 1634 1155 1671 contentum,
1180 1638 1376 1676 50‘g05(1ue
1403 1631 1525 1678 hydor

141 1688 367 1735 appellatum
379 1715 388 1730 ,
402 1686 663 1734 gelidissimam
679 1700 811 1734 aquam
826 1688 936 1723 fuisse
948 1716 956 1731 ,
978 1690 1255 1725 exNonacridis
1268 1698 1372 1737 petra
1384 1693 1521 1727 sudan—

140 1756 224 1784 tem.
253 1749 346 1783 Vide
370 1749 603 1784 Plutarchum
621 1756 656 1784 et
682 1750 868 1794 Curtium,
892 1750 955 1797 qui
982 1750 1089 1796 hujus
1115 1752 1251 1786 veneni
1276 1754 1416 1788 fontem
1451 1767 1520 1800 ap—

138 1811 254 1857 pellat
278 1818 408 1858 stygos
427 1811 564 1857 hydor,
583 1823 645 1845 seu
672 1811 792 1858 Stygis
813 1825 926 1858 aqua.
954 1812 1137 1847 Nonacris
1164 1821 1285 1848 autem
1313 1822 1389 1848 erat
1415 1828 1522 1849 monsv

139 1871 306 1905 Arcadjae
326 1872 477 1918 Stygem
496 1871 637 1906 fontem
661 1872 709 1906 ad
727 1872 891 1906 radicem
916 1873 1078 1917 habens,
1101 1873 1202 1919 cujus
1221 1886 1315 1920 aqua
1336 1876 1386 1909 oh
1409 1876 1522 1922 frigus

138 1932 426 1967 immoderatum
455 1934 560 1967 nullo
588 1945 708 1979 neque
743 1946 872 1976 aureo,
898 1947 1018 1981 neque
1047 1942 1224 1981 argenteo
1264 1948 1369 1980 vase,
1403 1950 1522 1984 neque

138 2006 260 2036 aeneo,
284 2006 406 2041 neque
438 1994 558 2029 ferreo
582 1994 766 2029 contineri
790 2002 958 2041 poterat,
982 2008 1103 2042 neque
1129 1997 1199 2031 alia
1225 1998 1298 2031 ulla
1326 2010 1384 2041 re,
1414 2011 1521 2045 quam

138 2057 275 2102 ungula
293 2057 447 2090 mulina.
467 2057 549 2090 Irno
570 2056 845 2091 observandum
865 2064 918 2091 est
933 2064 1092 2104 quatuor
1110 2059 1257 2092 metalla
1275 2071 1350 2093 esse
1366 2067 1523 2105 quatuor

139 2117 227 2151 anni
246 2123 432 2163 tempora,
452 2129 587 2163 nempe
610 2130 739 2152 aurum
762 2118 922 2164 hyemis,
950 2126 1144 2165 argentum
1166 2120 1279 2163 veris,
1304 2134 1349 2154 {rs
1373 2122 1522 2163 aestatis,

137 2178 275 2212 ferrum
306 2178 492 2221 autumni;
515 2179 739 2225 Stygemque
770 2178 910 2213 fontem
938 2192 1014 2214 esse
1043 2180 1215 2214 eumdem
1244 2194 1285 2215 ac
1311 2181 1522 2229 Hippocre-

138 2252 239 2282 nem,
268 2245 304 2273 et
323 2239 542 2285 amphoram
562 2251 624 2274 seu
652 2239 802 2286 Aquarii
827 2238 998 2281 fluvium,
1018 2241 1051 2274 le
1075 2239 1196 2275 fleuve
1220 2242 1271 2276 du
1300 2254 1520 2285 verse—ean,

137 2313 257 2348 prope
280 2300 441 2347 aquilam
461 2307 496 2335 et
515 2302 788 2348 Ganymedem,
813 2302 876 2347 qui
893 2303 1024 2348 pocula
1047 2303 1133 2336 Jovi
1156 2303 1411 2348 ministrabat,
1432 2305 1519 2338 olim

138 2362 234 2396 inter
261 2368 419 2408 quatuor
442 2362 592 2396 metalla
612 2363 670 2396 vel
699 2362 803 2409 signa
825 2363 1060 2397 ascendentia
1089 2371 1123 2397 et
1152 2364 1413 2399 descendentia
1441 2377 1520 2399 me—

139 2423 260 2466 dium,
300 2430 335 2458 et
368 2422 620 2466 solstitialem3
650 2423 809 2470 ideoque
843 2423 1121 2470 frigidissimum
1155 2438 1217 2459 scu
1250 2433 1520 2471 torpescentem

138 2484 289 2518 (lictum.
317 2483 403 2518 Haec
423 2483 536 2530 igitur
559 2496 636 2518 non
663 2491 748 2518 sunt
766 2491 934 2519 veterum
965 2485 1155 2520 mendacia
1169 2513 1177 2529 ‚
1198 2486 1262 2521 sed
1284 2486 1416 2521 fabulae
1435 2500 1519 2533 my—

136 2546 243 2580 thicae
262 2557 325 2579 seu
347 2545 533 2591 allegoriae
558 2545 689 2579 Bacchi
709 2545 851 2589 Indici,
881 2559 978 2592 quae,
1002 2548 1113 2593 longe
1136 2555 1238 2594 post,
1269 2560 1339 2594 pro
1364 2547 1518 2582 historia

142 2606 345 2642 Alexandri
366 2606 494 2652 Magni
520 2606 654 2640 habitae
678 2614 770 2640 sunt.
797 2607 892 2641 side
913 2620 941 2641 c.
961 2620 979 2651 7
994 2635 1002 2651 ,
1022 2615 1053 2642 et
1073 2609 1097 2648 l.
1122 2622 1151 2652 1,
1175 2622 1204 2643 c.
1232 2622 1286 2643 10.
