1783 3282
482 269 827 304 HISTORIARUM
855 271 942 305 LIB.
969 273 1031 306 v1.
1391 274 1436 315 σς

135 354 208 396 VI.
234 354 351 395 Dum
386 352 478 395 haec
503 362 735 411 geruntur,
770 354 1051 407 Artaxerxes,
1078 371 1151 396 rex
1188 358 1439 411 Persarum,

73 430 234 491 legatos
263 432 306 473 in
332 430 548 474 Graeciam
579 431 735 485 mittit,
758 446 834 490 per
857 446 964 490 quos
989 431 1132 489 jubet,
1155 451 1174 472 «
1198 436 1363 478 Omnes
1386 435 1439 478 ab

72 510 202 552 armis
222 508 442 552 discedere
463 526 471 552 ε
497 510 572 568 qui
590 507 715 553 aliter
732 508 922 564 fecisset,
945 525 1045 552 eum
1065 525 1109 552 se
1132 525 1211 568 pro
1233 511 1355 555 hoste
1371 514 1442 556 ha-

72 588 268 630 biturum
289 604 333 629 :»
351 588 600 631 civitatibus
616 586 863 632 libertatem
881 604 1043 647 suaque
1064 588 1211 630 omnia
1233 592 1440 634 restituit:

73 666 190 726 quod
214 683 303 709 non
328 668 504 710 Graeciae
528 666 768 722 laboribus,
790 667 1058 727 assiduisque
1076 665 1292 710 bellorum
1313 668 1444 713 inler—

75 746 237 789 necivis
261 745 373 789 odiis
392 745 622 789 consulens
636 746 763 800 fecit3
784 745 878 801 sed,
894 762 947 788 ne
967 754 1180 805 occupato
1198 745 1279 788 sibi
1304 762 1444 807 aegyp-

77 825 136 867 {io
156 823 296 879 bello,
319 824 437 884 quod
464 833 642 884 propter
664 822 844 878 auxilia,
871 822 1075 867 adversus
1099 823 1324 884 praefectos
1346 841 1445 869 suos

75 902 416 946 Lacedaemoniis
445 903 596 957 missa,
625 912 894 963 susceperat,
919 903 1132 946 exercitus
1159 904 1224 946 sui
1249 905 1294 946 in
1326 906 1446 947 Grae-

75 982 140 1025 cia
175 982 503 1026 distinerentur.
536 983 652 1026 Fessi
686 983 820 1042 igitur
857 991 921 1025 tot
955 980 1079 1025 bellis
1109 983 1252 1026 Graeci
1290 982 1446 1043 cupide

77 1077 271 1120 paruere.
300 1062 382 1105 Hic
416 1076 555 1104 annus
584 1077 672 1104 non
700 1077 751 1104 eo
782 1070 953 1104 tantum
993 1061 1174 1122 insignis
1203 1061 1302 1117 fuit,
1329 1062 1443 1121 quod

77 1149 256 1199 repente
289 1157 373 1199 pax
399 1149 490 1183 tota
522 1141 691 1184 Graecia
717 1140 829 1183 facta
851 1149 942 1193 est,
968 1140 1041 1182 sed
1065 1141 1194 1183 ctiam
1225 1156 1299 1196 eo,
1329 1141 1446 1200 quod

77 1219 231 1262 eodem
270 1229 467 1279 tempore
497 1219 613 1263 Urbs
645 1235 827 1261 romana
865 1235 889 1261 a
925 1217 1064 1261 Gallis
1091 1229 1218 1278 capta
1253 1229 1329 1262 est.
1360 1220 1444 1263 Sed

77 1299 395 1343 Lacedaemonii
435 1299 596 1342 securis
641 1297 912 1353 insidiantes,
952 1298 1194 1341 absentiam
1229 1298 1448 1342 Arcadum

78 1378 309 1439 speculati,
359 1377 584 1422 castellum
625 1393 777 1422 eorum
825 1387 1103 1438 expugnant,
1147 1386 1448 1437 occupatoque

79 1459 326 1518 praesidium
346 1458 595 1518 imponunt.
623 1459 801 1518 Itaque,
824 1465 992 1500 armato
1016 1458 1317 1517 instructoque
1336 1473 1450 1500 exer-

78 1539 191 1593 citu,
219 1538 431 1593 Arcades,
461 1537 666 1581 adhibitis
701 1538 745 1580 in
780 1536 989 1580 auxilium
1022 1536 1259 1591 Thebanis,
1294 1537 1451 1580 amissa

78 1616 191 1660 bello
213 1627 429 1677 repetunt.
454 1620 507 1661 In
535 1633 586 1660 eo
615 1616 771 1676 proelio
794 1616 1105 1671 Archidamus,
1135 1615 1222 1659 dux
1249 1615 1451 1659 Lacedae-

81 1697 352 1751 moniorum,
386 1686 682 1739 vulneratur}
709 1696 804 1755 qui,
837 1712 974 1755 quum
1015 1695 1120 1739 caedi
1156 1711 1255 1738 suos
1285 1695 1376 1754 jam
1410 1706 1453 1738 et

80 1777 218 1818 victos
241 1774 434 1830 videret,
458 1791 536 1834 per
556 1790 801 1835 praeconem
831 1790 1017 1833 corpora
1045 1774 1375 1817 interfectorum
1399 1774 1452 1817 ad

81 1853 348 1914 sepulturam
381 1855 533 1914 poscit.
565 1856 658 1897 Hoc
691 1862 755 1897 est
786 1853 902 1896 enim
931 1854 1105 1913 signum
1133 1853 1250 1913 apud
1279 1855 1454 1897 Graecos

81 1934 273 1977 victoriae
297 1933 478 1977 traditae.
510 1935 609 1990 Qua
635 1932 905 1976 confessione
933 1933 1150 1987 contenti,
1172 1932 1370 1975 Thebani
1399 1933 1456 1975 si-

82 2029 216 2072 gnum
233 2012 442 2072 parcendi
463 2012 635 2055 dedere.

142 2093 240 2136 VII.
256 2092 411 2135 Paucis
428 2091 585 2135 deinde
607 2101 704 2151 post
727 2091 903 2147 diebus,
924 2091 1089 2134 neutris
1104 2092 1339 2151 quicquam
1361 2090 1457 2133 hos-

86 2169 157 2214 tile
180 2171 460 2226 facientibus,
485 2187 623 2230 quum
643 2171 769 2230 quasi
790 2171 922 2214 tacito
946 2186 1160 2213 consensu
1185 2168 1369 2212 induciae
1393 2185 1457 2211 es-

84 2260 198 2303 sent,
223 2249 564 2293 Lacedaemoniis
588 2248 670 2293 alia
697 2248 811 2293 bella
834 2248 1040 2293 adversus
1067 2248 1277 2292 finitimos
1304 2264 1456 2308 geren-

85 2329 220 2383 tibus,
257 2329 478 2383 Thebani,
511 2328 820 2388 Epaminonda
858 2328 992 2383 duce,
1036 2326 1302 2387 occupandae
1336 2327 1456 2370 urbis

85 2424 238 2450 eorum
252 2424 371 2467 spem
391 2418 614 2467 ceperunt.
631 2408 772 2469 Igitur
790 2408 1006 2468 principio
1022 2408 1162 2451 noctis
1183 2407 1303 2450 taciti
1322 2408 1458 2449 Lace-

87 2487 283 2530 daemona
306 2486 670 2546 proficiscuntur:
689 2504 777 2530 non
799 2496 943 2530 tamen
967 2486 1146 2547 aggredi
1169 2487 1366 2529 incautos
1389 2502 1460 2544 po-

89 2576 281 2609 tuerunt.
313 2567 491 2625 Quippe
518 2582 660 2621 senes,
690 2576 734 2609 et
767 2575 909 2610 cetera
947 2565 1133 2609 imbellis
1163 2575 1289 2620 aetas,
1325 2580 1458 2624 quum

88 2645 324 2689 adventum
347 2646 537 2688 hostium
568 2646 909 2705 praesensissent,
937 2647 979 2688 in
1009 2645 1111 2704 ipsis
1135 2654 1361 2704 portarum
1384 2660 1459 2686 an-

1236 2721 1274 2764 5.
