1783 3282
89 283 145 295 tm
149 282 330 295 anvsth
334 281 1260 299 hwwmmmmmmmefflwwmuwnkmkmhbtx
1266 287 1354 299 QWNVK
1358 288 1386 299 Ἃ
1390 287 1447 299 Ε-’Ᾰὶ

583 496 839 552 LIBER
883 497 947 551 V.

83 911 115 951 Ι.
137 870 291 952 DUM
315 908 598 952 Athenienses
618 909 662 950 in
685 905 830 951 Sicilia
847 905 1012 950 bellum
1031 924 1109 968 per
1125 908 1352 954 biennium
1375 929 1448 956 cu·

79 987 247 1047 pidius,
273 1003 403 1047 quam
440 985 606 1030 felicius
640 995 817 1047 gerunt,
853 987 1028 1030 interim
1062 989 1256 1032 concitor
1283 998 1324 1032 et
1360 990 1445 1034 dux

75 1067 169 1125 ejus
210 1065 454 1111 Alcibiades
490 1065 644 1109 absens
680 1065 863 1109 Athenis
902 1065 1205 1123 insimulatur,
1244 1071 1447 1128 mysteria

77 1147 250 1190 Cereris
263 1146 498 1189 Initiorum
513 1161 655 1200 sacra,
675 1144 796 1188 nullo
816 1146 954 1206 magis
967 1162 1100 1205 quam
1120 1145 1290 1191 silentio
1305 1148 1443 1195 solen-

83 1227 167 1282 nia,
185 1226 490 1270 enuntiavisse.
510 1228 843 1284 Revocatusque
857 1240 881 1267 a
898 1223 1012 1269 bello
1031 1225 1086 1269 ad
1099 1225 1338 1285 judicium,
1356 1231 1444 1272 sive

75 1305 406 1359 conscientiam,
437 1304 525 1347 sive
554 1303 860 1364 indignitatem
888 1304 948 1346 rei
974 1320 1064 1347 non
1093 1303 1256 1360 ferens,
1287 1308 1444 1351 tacitus

73 1385 116 1426 in
151 1382 347 1427 exsilium
379 1382 547 1427 Elidem
579 1382 799 1442 profectus
827 1392 903 1426 est.
935 1383 1069 1439 Inde,
1096 1384 1169 1427 ubi
1205 1402 1293 1429 non
1321 1386 1443 1430 dam-

71 1472 221 1506 natum
242 1479 285 1506 se
306 1472 476 1506 tantum
491 1497 503 1519 ,
527 1478 679 1506 verum
699 1463 830 1506 etiam
855 1461 960 1506 diris
978 1479 1058 1523 per
1079 1465 1277 1508 omnium
1307 1482 1444 1510 sacer-

68 1542 220 1586 dotum
264 1541 497 1603 religiones
541 1542 747 1585 devotum
785 1543 1012 1602 cognovit,
1044 1542 1358 1587 Lacedaemona
1397 1562 1441 1589 se

67 1620 277 1675 contulit3
305 1621 451 1681 ibique
477 1637 623 1681 regem
648 1620 1082 1664 Lacedaemoniorum
1108 1621 1314 1681 impellit,
1349 1634 1441 1667 tur-

66 1701 177 1744 batis
195 1701 532 1745 Atheniensibus
557 1699 738 1743 adverso
759 1698 914 1743 Siciliae
931 1698 1110 1759 proelio,
1136 1699 1252 1744 ultro
1275 1702 1438 1746 bellum

66 1780 238 1823 inferre.
255 1781 356 1837 Quo
380 1780 515 1833 facto,
538 1779 685 1822 omnia
700 1779 879 1822 Graeciae
896 1794 1030 1838 regna
1043 1813 1054 1833 ,
1076 1778 1196 1822 velut
1210 1780 1263 1823 ad
1279 1784 1438 1826 exstin-

64 1859 287 1919 guendum
332 1874 564 1902 commune
609 1857 883 1913 incendium,
924 1869 1205 1902 concurrunt.
1247 1862 1437 1905 Tantum

63 1938 151 1982 odii
165 1938 452 1982 Athenienses
474 1936 749 1980 immoderati
768 1937 939 1997 imperii
954 1936 1191 1997 cupiditate
1211 1949 1437 1984 contraxe-

62 2015 183 2061 rant!
210 2018 370 2062 Darius
388 2034 586 2078 quoque,
607 2034 682 2060 rex
700 2020 951 2073 Persarum,
972 2034 1139 2061 memor
1159 2021 1329 2078 paterni
1348 2022 1436 2064 avi—

63 2099 179 2157 tique
194 2099 238 2140 in
253 2097 365 2140 hanc
380 2098 532 2140 urbem
547 2097 655 2151 odii,
670 2097 782 2140 facta
795 2113 894 2140 cum
906 2097 1244 2142 Lacedaemoniis
1259 2115 1337 2158 per
1347 2100 1434 2143 Tis-

61 2176 339 2236 saphernem,
366 2176 616 2236 praefectum
645 2176 811 2235 Lydiae,
843 2177 1065 2233 societate,
1087 2193 1262 2220 omnem
1290 2193 1432 2239 sump-

62 2266 150 2299 tum
167 2256 268 2300 belli
281 2256 525 2317 pollicetur.
545 2259 602 2300 Et
623 2266 715 2300 erat
732 2256 802 2300 hic
825 2256 1002 2316 quidem
1023 2255 1174 2300 titulus
1189 2274 1285 2302 cum
1305 2260 1430 2302 Grae-

61 2337 121 2379 cis
135 2335 322 2379 coeundi
343 2353 351 2378 :
376 2352 422 2378 re
447 2346 592 2379 autem
612 2352 713 2379 vera
737 2336 940 2388 timebat,
956 2353 1033 2391 ne,
1050 2337 1176 2380 victis
1191 2338 1429 2381 Athenien-

59 2415 196 2471 sibus,
215 2414 269 2458 ad
297 2431 340 2457 se
367 2413 709 2470 Lacedaemonii,
739 2432 858 2459 arma
879 2415 1177 2459 transferrent.
1207 2417 1319 2473 Quis
1349 2417 1429 2477 igi-

60 2505 131 2538 tur
159 2495 368 2550 miretur,
399 2504 486 2538 tam
521 2494 721 2538 florentes
752 2496 1087 2539 Atheniensium
1121 2511 1225 2554 opes
1261 2496 1426 2548 ruisse,

59 2592 194 2635 quum
231 2574 284 2617 ad
319 2573 650 2634 opprimendam
688 2590 820 2616 uuam
854 2574 1027 2629 urbem,
1069 2576 1202 2618 totius
1236 2575 1427 2618 Orientis

55 2655 167 2697 vires
187 2652 526 2697 concurrerent?
558 2654 658 2697 Non
684 2661 828 2695 tamen
859 2654 1008 2708 inerti,
1038 2669 1177 2713 neque
1197 2654 1426 2697 incruento

1178 2734 1217 2784 4.
