1783 3282
346 302 390 343 :³4
933 296 1118 331 JUSTIM

346 386 507 427 tionem
536 384 578 424 in
608 383 815 423 virtutem
845 389 1086 433 verterent,
1115 388 1157 420 et
1187 380 1288 432 iter,
1330 378 1448 437 quod
1475 377 1600 421 aliter
1627 395 1711 421 non

344 471 528 521 pateret,
577 460 691 503 ferro
729 459 1044 519 patefacerent,
1085 458 1231 500 «Satis
1268 456 1429 500 multos
1476 457 1621 500 hostes
1665 457 1707 499 in

348 542 513 585 Graecia
550 555 775 582 remanere
814 538 1045 590 dictitans,
1084 552 1163 578 nec
1199 537 1347 596 augeri
1380 551 1612 579 numerum
1652 551 1718 577 re-

346 619 522 664 tinendo
544 627 772 678 oportere,
793 636 813 656 »
840 631 975 674 quum
1006 615 1180 657 vincere
1217 613 1399 658 consilio
1436 624 1603 657 ceteros
1630 630 1716 656 non

344 708 512 759 posset,
546 697 747 740 eumdem
779 711 952 738 servum
982 694 1036 737 ad
1065 696 1256 737 Xerxem
1273 694 1433 749 mittit,
1468 694 1719 736 certiorem-

348 794 427 836 que
465 775 634 820 consilii
673 774 804 828 facit3
839 783 882 816 et
924 789 1140 832 occupare
1199 773 1456 827 transitum,
1501 781 1717 815 maturata

344 858 462 917 fuga,
484 856 622 916 jubet.
647 853 743 909 Ille,
767 852 989 913 perculsus
1012 853 1186 907 nuntio,
1206 851 1340 895 tradit
1358 851 1542 894 ducibus
1561 849 1719 894 milites

344 935 670 997 perducendos,
707 935 797 993 ipse
831 949 931 975 cum
965 933 1114 991 paucis
1145 931 1328 991 Abydon
1361 930 1599 974 contendit.
1632 930 1719 974 Ubi

346 1033 481 1076 quum
513 1013 704 1058 solutum
726 1021 905 1071 pontem
928 1011 1133 1069 hybernis
1165 1011 1496 1069 tempestatibus
1519 1008 1721 1052 offendis-

346 1105 426 1149 set,
461 1093 691 1153 piscatoria
727 1090 887 1150 scapha
922 1088 1117 1148 trepidus
1153 1090 1334 1148 trajecit.
1366 1091 1473 1131 Erat
1500 1105 1568 1131 res
1603 1104 1721 1148 spec-

346 1171 491 1216 taculo
514 1171 662 1232 digna,
690 1179 735 1213 et
758 1169 1042 1212 aestimatione
1077 1168 1205 1210 sortis
1228 1168 1447 1222 humanae,
1476 1183 1623 1210 rerum
1647 1183 1721 1210 va-

347 1253 498 1295 rietate
524 1248 750 1304 mirandae,
772 1249 816 1290 in
832 1248 987 1307 exiguo
1012 1245 1220 1290 latentem
1239 1246 1385 1289 videre
1404 1247 1577 1306 navigio
1592 1262 1721 1305 quem

348 1329 475 1390 paulo
510 1338 610 1372 ante
640 1329 711 1370 vix
747 1343 894 1386 aequor
922 1343 1050 1369 omne
1082 1326 1298 1386 capiebat3
1336 1336 1556 1369 carentem
1592 1327 1722 1368 etiam

347 1409 468 1452 omni
491 1423 716 1451 servorum
739 1406 998 1460 ministerio,
1025 1406 1148 1465 cujus
1173 1407 1386 1448 exercitus
1414 1415 1592 1464 propter
1615 1404 1725 1448 mul-

349 1488 580 1531 titudinem
611 1487 737 1528 terris
772 1502 923 1545 graves
960 1495 1095 1527 erant.
1132 1486 1224 1528 Nec
1263 1484 1535 1544 pedestribus
1569 1485 1724 1544 copiis,

349 1584 454 1627 quas
487 1566 671 1609 ducibus
702 1566 1016 1625 assignaverat,
1051 1563 1218 1607 felicius
1252 1566 1333 1607 iter
1363 1564 1445 1607 suit
1471 1581 1479 1606 :
1510 1564 1724 1623 siquidem

349 1645 604 1705 quotidiano
644 1644 783 1688 labori
820 1645 991 1704 (neque
1027 1645 1144 1686 enim
1184 1642 1273 1686 ulla
1321 1653 1385 1686 est
1429 1644 1724 1688 metuentibus

350 1724 489 1784 quies)
514 1725 643 1767 etiam
670 1723 803 1767 fames
830 1734 1082 1767 accesserat.
1108 1722 1354 1766 Multorum
1380 1723 1534 1766 deinde
1556 1723 1724 1767 dierum

351 1805 495 1864 inopia
514 1813 790 1846 contraxerat
817 1813 860 1846 et
887 1814 1080 1863 pestem,
1111 1813 1317 1861 tantaque
1342 1803 1510 1846 foeditas
1541 1805 1728 1848 morien—

351 1885 460 1926 tium
491 1883 591 1938 fuit,
621 1893 668 1925 ut
698 1884 775 1925 viae
806 1882 1088 1925 cadaveribus
1113 1881 1418 1942 implerentur,
1447 1882 1658 1941 alite-sque
1686 1894 1728 1926 et

352 1963 522 2017 bestiae,
568 1978 674 2005 escae
717 1960 931 2005 illecebris
980 1960 1241 2016 sollicitat-ze,
1290 1963 1529 2004 exercitum
1580 1978 1730 2020 seque-

354 2052 519 2085 rentur.

416 2123 533 2164 XIV.
562 2121 744 2164 Interim
774 2120 1030 2163 Mardonius
1059 2121 1101 2162 in
1128 2121 1298 2163 Graecia
1321 2119 1566 2179 Olynthum
1596 2137 1728 2180 expu-

356 2210 471 2261 gnat.
501 2201 785 2244 Athenienses
812 2217 985 2259 quoque
1019 2202 1060 2242 in
1093 2217 1212 2259 spem
1242 2201 1377 2260 pacis,
1404 2202 1729 2260 amicitiamque

355 2283 468 2341 regis
492 2278 716 2335 sollicitat,
748 2279 964 2339 spondens
990 2280 1173 2322 incensae
1202 2296 1354 2322 eorum
1384 2280 1504 2323 urbis
1527 2281 1658 2322 etiam
1687 2281 1729 2324 in

355 2361 494 2419 majus
517 2360 853 2402 restitutionem.
878 2361 1167 2418 Posteaquam
1183 2358 1303 2403 nullo
1320 2361 1460 2419 pretio
1483 2359 1728 2403 libertatem

356 2439 474 2482 videt
496 2439 563 2481 his
582 2437 802 2493 venalem,
826 2439 1012 2481 incensis
1036 2455 1130 2498 quae
1154 2438 1366 2482 aedificare
1389 2449 1631 2499 coeperant,
1656 2456 1729 2482 co-

357 2520 446 2579 pias
475 2520 518 2560 in
549 2519 761 2561 Boeotiam
791 2517 1008 2561 transfert.
1042 2520 1106 2561 Eo
1133 2528 1175 2561 et
1201 2520 1459 2562 Graecorum
1488 2520 1729 2571 exercitus,

357 2599 430 2657 qui
461 2607 635 2640 centum
668 2596 853 2640 millium
883 2597 988 2653 fuit,
1015 2608 1188 2641 secutus
1222 2609 1283 2641 est
1311 2616 1318 2641 :
1349 2599 1493 2658 ibique
1528 2597 1729 2658 proelium

359 2678 652 2720 commissum.
676 2676 758 2719 Sed
780 2675 952 2719 fortuna
978 2677 1088 2737 regis
1106 2694 1206 2720 cum
1228 2678 1337 2721 duce
1357 2688 1522 2721 mutata
1544 2695 1629 2720 non
1651 2687 1727 2720 est.
