1783 3282
355 278 402 320 94
944 270 1129 304 JUSTlNI

355 354 495 398 occidi
520 354 659 413 jussit.
697 352 785 396 Soli
820 352 1068 396 Alexandro
1103 354 1324 410 Lyncestae
1353 351 1477 394 fratri
1504 351 1714 410 pepercit;

356 449 527 476 servans
549 432 594 474 in
619 447 669 474 eo
693 431 933 491 auspicium
953 429 1176 489 dignitatis
1193 445 1278 473 suae
1304 446 1313 471 ε
1334 445 1433 471 nam
1456 444 1600 489 regem
1618 444 1714 470 eun]

355 512 519 570 primus
545 509 819 553 salutaverat.
851 507 1073 551 AEmulum
1095 522 1269 565 quoque
1297 507 1468 566 imperii
1497 509 1716 550 Caranum

354 588 550 643 fratrem,
578 605 629 631 ex
658 602 842 630 noverca
869 595 1139 644 susceptum,
1174 583 1360 627 interfici
1394 585 1573 627 curavit.
1600 587 1719 627 Inter

356 667 476 709 initia
514 665 672 709 multas
707 674 855 724 gentes
898 662 1156 706 rebellantes
1202 663 1488 721 compescuit3
1530 663 1715 705 orientes

355 743 584 787 nonnullas
608 743 838 786 seditiones
856 742 1074 784 exstinxit.
1101 741 1277 798 Quibus
1296 741 1424 783 rebus
1447 749 1635 795 erectus,
1661 742 1718 783 ci-

355 833 443 866 tato
473 822 609 882 gradu
631 822 676 864 in
715 821 930 864 Graeciam
961 819 1209 874 contendit,
1234 819 1335 874 ubi,
1361 816 1559 877 exemplo
1584 819 1717 876 patris

352 901 613 945 Corinthum
641 900 828 943 evocatis
862 898 1127 952 civitatibus,
1159 897 1246 940 dux
1270 898 1315 939 in
1337 896 1480 940 locum
1505 897 1597 956 ejus
1623 897 1720 939 sub—

350 980 558 1022 stituitur.
599 977 860 1020 Inchoatum
895 976 1050 1018 deinde
1084 992 1106 1018 a
1142 985 1265 1034 patre
1301 976 1516 1035 persicum
1555 974 1716 1018 bellum

349 1056 614 1117 aggreditur.
630 1059 681 1099 In
700 1055 822 1114 cujus
836 1063 1049 1114 apparatu
1068 1063 1283 1112 occupato
1297 1055 1545 1109 nuntiatur,
1564 1054 1718 1097 «Athe-

352 1136 518 1178 nienses
536 1144 579 1177 et
595 1134 823 1176 Thebanos
844 1134 896 1175 ab
919 1149 970 1175 eo
990 1132 1044 1175 ad
1062 1134 1214 1175 Persas
1231 1132 1461 1187 defecisse,
1477 1142 1719 1175 auctorem—

349 1230 433 1273 que
457 1214 549 1273 ejus
574 1212 846 1265 defectionis,
872 1228 1031 1272 magno
1063 1212 1158 1254 auri
1185 1211 1376 1271 pondere
1406 1228 1429 1254 a
1459 1212 1598 1254 Persis
1630 1228 1718 1254 cor-

349 1302 551 1352 ruptum,
581 1291 925 1336 Demosthenem
949 1300 1166 1334 oratorem
1198 1291 1409 1333 exstitisse
1434 1307 1442 1332 :
1469 1291 1543 1349 qui
1575 1291 1719 1333 Mace-

353 1372 516 1414 donum
543 1370 702 1414 deletas
724 1386 874 1413 omnes
902 1386 1002 1413 cum
1029 1386 1130 1430 rege
1157 1370 1301 1429 copias
1331 1385 1353 1412 a
1377 1368 1578 1412 Triballis
1604 1369 1719 1412 affir·
1749 1419 1753 1421 .

351 1450 550 1504 maverit,
574 1449 789 1508 producto
812 1450 857 1490 in
882 1449 1138 1491 concionem
1159 1458 1355 1503 auctore,
1382 1449 1456 1506 qui
1481 1448 1524 1490 in
1541 1463 1589 1490 eo
1607 1464 1718 1506 proe-

350 1527 427 1583 lio,
452 1529 495 1569 in
516 1543 602 1586 quo
628 1544 702 1569 rex
730 1527 936 1569 ceciderit
951 1561 961 1580 ,
983 1543 1025 1569 se
1047 1543 1220 1586 quoque
1239 1526 1515 1569 vulneratum
1540 1526 1715 1570 diceret.

348 1609 448 1663 Qua
475 1607 680 1666 opinione
707 1616 898 1649 mutatos
922 1607 1119 1649 omnium
1145 1606 1278 1649 ferme
1301 1606 1525 1649 civitatum
1549 1608 1717 1649 animos

348 1702 438 1728 esse
466 1702 474 1727 τ
500 1685 696 1744 praesidia
732 1685 1025 1728 Macedonum
1050 1684 1289 1728 obsideri.»
1321 1685 1494 1740 Quibus
1528 1685 1718 1728 motibus

348 1780 627 1819 occursurus,
653 1774 775 1806 tanta
798 1762 1016 1806 celeritate
1036 1764 1252 1807 instructo
1273 1774 1510 1823 paratoque
1526 1765 1717 1808 exercitu

347 1844 562 1886 Graeciam
585 1843 819 1902 oppressit,
845 1853 912 1898 ut,
938 1860 1067 1902 quem
1091 1844 1238 1886 venire
1263 1860 1350 1885 non
1380 1853 1622 1898 senserant,
1652 1844 1714 1885 vi-

349 1922 448 1965 dere
468 1940 511 1965 se
531 1923 599 1964 vix
627 1922 865 1965 crederent.

409 2003 485 2044 III.
513 2003 564 2044 In
596 2002 781 2044 transitu
818 2001 1018 2044 hortatus
1046 2000 1274 2044 Thessalos
1305 2001 1465 2055 fuerat3
1493 2001 1717 2046 beneficio-

346 2097 530 2139 rumque
543 2080 734 2140 Philippi
754 2081 909 2140 patris,
928 2090 1220 2140 maternaeque
1240 2097 1326 2123 suae
1341 2097 1440 2124 cum
1464 2082 1528 2124 his
1548 2082 1601 2124 ab
1618 2083 1715 2125 AEa-

347 2159 543 2202 cidaruin
569 2169 696 2219 gente
736 2159 1062 2203 necessitudinis
1097 2159 1396 2203 admonuerat.
1427 2160 1597 2220 Cupide
1626 2161 1715 2203 haec

344 2237 558 2281 Thessalis
581 2237 874 2294 audientibus,
898 2237 1094 2298 exemplo
1117 2239 1251 2298 patris
1275 2238 1362 2282 dux
1385 2240 1595 2282 universae
1620 2256 1716 2299 gen-

347 2318 399 2360 tis
424 2327 592 2360 creatus
621 2327 736 2372 erat,
765 2329 808 2361 et
836 2317 1062 2377 vectigalia
1087 2319 1233 2360 omnia
1262 2318 1513 2377 reditusque
1551 2335 1650 2361 suos
1675 2320 1712 2361 ei

347 2396 627 2439 tradiderant.
657 2397 740 2440 Sed
774 2397 1080 2451 Athenienses,
1114 2398 1243 2439 sicuti
1283 2398 1413 2456 primi
1446 2396 1710 2451 defecerant,

346 2476 405 2517 ita
431 2476 561 2534 primi
585 2477 792 2534 poenitere
820 2485 1066 2535 coeperunt,
1087 2486 1390 2536 contemptum
1416 2476 1553 2519 hostis
1576 2477 1619 2518 in
1646 2476 1714 2519 ad-

345 2556 617 2598 mirationem
650 2565 884 2609 vertentes,
916 2556 1234 2615 pueritiamque
1264 2555 1496 2600 Alexandri
1523 2566 1710 2616 spretam

345 2643 492 2689 antea,
517 2650 646 2693 supra
675 2636 880 2677 virtutem
907 2644 1099 2678 veterum
1132 2634 1294 2678 ducum
1319 2635 1586 2678 extollentes.
1613 2636 1713 2677 Mis-
