1783 3282
527 286 871 320 HlsTORIARUM
897 288 984 320 LlB.
1011 289 1111 320 xlii.
1438 287 1503 319 1‘3'3

137 378 284 422 verat3
317 367 541 427 factusque
565 369 653 427 jam
680 378 825 411 tantus
857 377 970 422 erat,
1001 378 1044 410 ul
1073 386 1157 411 uon
1190 380 1275 412 tam
1303 372 1503 421 timeret,

139 462 270 506 quam
291 445 506 489 timendus
533 447 623 507 ipse
646 447 843 489 hostibus
869 455 989 489 esset.

200 526 298 568 VII.
329 526 498 584 Cyrene
525 535 669 568 autem
695 525 869 568 condita
903 525 985 568 fuit
1021 526 1073 567 ab
1103 527 1303 579 Aristaeo,
1326 529 1392 569 cui
1424 545 1504 570 no-

137 619 237 646 men
278 606 406 646 Batto
451 613 631 664 propter
676 603 835 664 linguae
867 603 1180 664 obligationem
1231 604 1324 646 fuit.
1366 607 1506 664 Hujus

137 691 261 741 pater
294 683 479 735 Grinus,
516 699 590 725 rex
624 683 776 725 Therae
815 682 991 737 insulae,
1029 699 1164 742 quum
1201 682 1255 724 ad
1281 683 1505 727 oraculum

137 759 352 820 Delphos,
381 771 560 820 propter
589 760 774 803 dedecus
801 760 1086 804 adolescentis
1117 761 1193 804 filii
1219 760 1415 803 nondum
1444 760 1506 803 lo-

138 841 331 899 quentis,
363 842 505 883 Deum
533 839 847 899 deprecaturus
873 841 1083 895 venisset,
1108 856 1365 900 responsum
1393 856 1509 882 acce-

137 918 221 977 pit,
243 934 331 976 quo
362 918 597 977 jubebatur
628 918 743 962 filius
783 920 875 978 ejus
911 922 1063 962 Battus
1088 919 1311 962 «Africam
1342 927 1509 979 petere,

138 1006 181 1039 et
195 997 350 1040 urbem
367 998 567 1057 Cyrenen
585 997 791 1054 condere,
813 1015 939 1041 usum
958 997 1115 1058 linguae
1133 998 1191 1040 ibi
1208 1008 1510 1058 accepturus.»

138 1076 288 1132 Quum
318 1093 575 1136 responsum
597 1076 787 1120 ludibrio
814 1077 952 1120 simile
979 1078 1220 1133 videretur,
1248 1087 1428 1137 propter
1448 1094 1512 1119 so-

141 1154 371 1198 litudinem
401 1156 553 1199 Therae
576 1156 746 1210 insulae,
776 1174 827 1199 ex
852 1173 937 1215 qua
969 1155 1111 1199 coloni
1145 1156 1199 1198 ad
1227 1157 1378 1198 urbem
1410 1172 1512 1198 con-

139 1232 327 1276 dendam
354 1235 398 1276 in
427 1234 616 1278 Africam
657 1245 743 1277 tam
778 1244 908 1277 vastae
936 1236 1124 1295 regionis
1152 1235 1367 1294 proficisci
1389 1235 1513 1293 jube-

139 1313 320 1369 bantur,
341 1330 408 1356 res
434 1314 592 1356 omissa
617 1323 692 1356 est.
723 1313 958 1372 Interjecto
984 1313 1142 1355 deinde
1167 1322 1379 1372 tempore,
1397 1312 1513 1355 velut

139 1401 438 1447 contumaces,
467 1391 714 1451 pestilentia
739 1394 834 1435 Deo
859 1409 1010 1451 parere
1034 1391 1388 1451 compelluntur:
1411 1408 1513 1450 qno-

140 1488 237 1514 rum
259 1481 347 1514 tam
372 1472 552 1531 insignis
571 1472 764 1531 paucitas
786 1471 887 1527 fuit,
907 1481 951 1514 ut
972 1473 1042 1514 vix
1061 1488 1193 1514 unam
1219 1488 1373 1514 navem
1395 1487 1513 1514 com-

140 1549 322 1609 plerent.
369 1552 520 1607 Quum
561 1551 778 1594 venissent
823 1553 865 1593 in
911 1551 1122 1607 Africam,
1160 1550 1292 1610 pulsis
1331 1549 1513 1605 accolis,

138 1639 334 1673 montem
357 1632 540 1689 Cyram,
575 1639 615 1672 et
641 1640 822 1690 propter
856 1631 1153 1673 amoenitatem
1181 1629 1285 1683 loci,
1311 1639 1353 1672 et
1381 1646 1513 1688 prop-

142 1720 207 1754 ter
227 1709 416 1752 fontium
441 1710 709 1766 ubertatem,
736 1727 1018 1770 occupavere.
1036 1710 1103 1752 Ibi
1127 1711 1277 1752 Battus
1293 1743 1304 1764 ,
1330 1709 1418 1751 dux
1442 1724 1513 1751 eo-

141 1806 265 1845 rum,
293 1788 452 1849 linguae
482 1789 606 1832 nodis
644 1789 817 1845 solutis,
848 1789 966 1849 loqui
1003 1790 1195 1848 primum
1231 1789 1361 1848 coepit
1385 1805 1394 1831 ε
1421 1804 1514 1847 quae

141 1885 207 1912 res
221 1869 388 1911 animos
412 1885 586 1922 eorum,
609 1886 660 1911 ex
684 1870 907 1929 promissis
929 1868 1011 1911 Dei
1035 1869 1124 1928 jam
1146 1878 1269 1928 parte
1287 1877 1514 1928 percepta,

142 1949 185 1990 in
201 1947 413 2007 reliquam
435 1964 555 2007 spem
572 1948 810 1991 condendae
825 1948 946 1991 urbis
974 1947 1185 1990 accendit.
1202 1948 1361 1990 Positis
1382 1948 1516 2007 igitur

141 2027 310 2082 castris,
348 2027 603 2086 opinionem
637 2028 795 2070 veteris
828 2026 982 2070 fabulae
1014 2028 1253 2086 accipiunt,
1294 2029 1515 2085 Cyrenen,

141 2107 308 2150 eximiae
330 2106 670 2167 pulchritudinis
694 2107 933 2166 virginem,
956 2123 979 2148 a
1007 2105 1239 2149 Thessaliae
1267 2115 1415 2147 monte
1438 2107 1516 2147 Pe-

142 2184 200 2229 lio
224 2185 275 2228 ab
304 2185 507 2245 Apolline
532 2195 724 2246 raptam,
745 2184 1045 2245 perlatamque
1067 2186 1110 2227 in
1137 2184 1330 2244 ejusdem
1356 2185 1516 2227 montis

137 2266 264 2325 juga,
290 2265 413 2324 cujus
438 2264 593 2308 collem
621 2274 970 2324 occupaverant,
991 2281 1013 2307 a
1038 2266 1134 2307 Deo
1159 2263 1391 2324 repletam,
1415 2279 1517 2322 qua-

141 2354 242 2387 tuor
263 2360 420 2404 pueros
446 2345 686 2404 peperisse,
710 2336 943 2399 Nomium,
966 2345 1215 2398 Aristaeum,
1244 2343 1515 2398 Authocum,

141 2426 345 2483 Argaeum
373 2440 380 2464 :
413 2424 562 2466 missos
601 2440 625 2466 a
654 2433 777 2483 patre
807 2427 1002 2483 HypseO,
1028 2440 1127 2483 rege
1161 2423 1411 2479 Thessaliae,
1441 2422 1515 2482 qui

143 2504 449 2563 perquirerent
472 2503 709 2562 virginem,
738 2501 823 2545 loci
849 2503 1100 2545 amoenitate
1127 2512 1275 2562 captos
1297 2503 1342 2544 in
1363 2501 1515 2545 iisdem

143 2583 267 2625 terris
297 2598 396 2624 cum
427 2583 594 2642 virgine
619 2581 826 2625 resedisse
853 2599 861 2624 :
890 2598 941 2624 ex
967 2583 1034 2625 his
1062 2583 1208 2641 pueris
1229 2591 1314 2625 tres
1345 2579 1514 2623 adultos

143 2663 185 2704 in
215 2661 480 2705 Thessaliam
502 2678 717 2716 reversos,
736 2662 850 2704 avita
870 2678 1002 2721 regna
1024 2662 1232 2721 recepisse
1250 2679 1258 2703 :
1286 2661 1512 2704 Aristaeum
