1783 3282
287 262 355 301 174
873 251 1064 286 JUSTINI

285 334 403 391 Quid
428 343 588 376 tractus
609 333 750 376 omnis
773 331 1049 392 Campaniae?
1066 330 1183 386 Quid
1205 329 1346 372 Brutii
1361 362 1371 382 ,
1397 326 1656 385 Sabinique?

286 412 405 469 Quid
424 412 660 456 Samnites?
678 411 798 469 Quid
817 408 1071 454 Tarentini?
1099 425 1207 467 quos
1227 407 1534 451 Lacedaemone
1554 422 1655 465 pro-

287 492 445 547 fectos,
473 492 740 552 Spuriosque
770 498 945 533 vocatos
973 487 1231 546 accepimus.
1260 487 1559 529 Thurinorum
1590 502 1658 527 ur-

287 571 384 614 bem
411 570 652 613 condidisse
677 568 945 612 Philocteten
966 565 1137 619 ferunt,
1165 565 1311 624 ibique
1339 564 1481 607 adhuc
1502 581 1659 607 monu-

289 659 483 692 mentum
519 649 610 708 ejus
637 648 813 701 visitur,
849 655 891 687 ct
928 643 1126 687 Herculis
1164 644 1331 703 sagittae
1369 644 1413 686 in
1445 642 1659 703 Apollinis

288 728 450 788 templo
465 761 475 781 ,
499 743 594 786 quae
614 726 750 768 fatum
770 725 911 783 Trojae
933 723 1063 766 fuere.

352 810 407 851 ΙΙ.
443 805 736 865 Metapontini
777 819 952 863 quoque
991 804 1035 844 in
1078 800 1240 861 templo
1278 802 1488 844 Minervae
1528 800 1662 844 ferra·

289 895 455 940 menta,
483 884 641 943 quibus
670 885 840 943 Epeus,
869 898 893 925 a
929 897 1016 941 quo
1040 880 1203 924 conditi
1229 890 1351 934 sunt,
1379 896 1541 939 equum
1571 890 1663 923 tro-

287 967 439 1025 janum
458 962 704 1014 fabricavit,
724 969 956 1004 ostentant.
976 961 1161 1019 Propter
1181 959 1298 1018 quod
1319 960 1459 1002 omnis
1475 958 1547 1002 illa
1564 975 1664 1019 pars

290 1043 424 1088 Italiae
457 1040 610 1099 Masor
653 1040 829 1084 Graecia
861 1037 1078 1100 appellata
1106 1048 1181 1082 est.
1212 1037 1297 1082 Sed
1329 1039 1547 1098 principio
1578 1040 1663 1081 ori-

292 1126 444 1185 ginum
475 1121 771 1181 Metapontini
803 1136 902 1162 cum
933 1119 1202 1180 Sybaritanis
1229 1128 1271 1161 et
1302 1118 1665 1162 Crotoniensibus

292 1202 452 1263 pellere
476 1211 640 1245 ceteros
667 1201 843 1244 Graecos
863 1197 989 1242 Italia
1015 1207 1275 1241 statuerunt.
1301 1197 1454 1253 Quum
1475 1197 1665 1257 primum

293 1283 444 1325 urbem
477 1281 607 1325 Sirim
641 1280 878 1339 cepissent,
904 1279 949 1320 in
978 1278 1305 1338 expugnatione
1329 1277 1422 1337 ejus
1444 1277 1663 1336 quinqua-

295 1362 417 1421 ginta
438 1376 619 1420 juvenes
644 1357 865 1419 amplexos
896 1357 1107 1400 Minervae
1138 1355 1441 1411 simulacrum,
1470 1355 1669 1399 sacerdo-

294 1451 469 1500 temque
490 1439 579 1482 deae
607 1437 795 1481 velatum
821 1437 1107 1491 ornamentis,
1137 1436 1248 1478 inter
1273 1435 1366 1495 ipsa
1391 1434 1544 1478 altaria
1567 1444 1663 1477 tru-

297 1519 566 1562 cidaverunt.
590 1518 659 1561 Ob
681 1518 771 1560 haec
791 1533 928 1576 quum
952 1525 1072 1575 peste
1092 1525 1135 1558 et
1154 1514 1439 1558 seditionibus
1465 1531 1669 1558 vexaren-

295 1609 387 1654 tur,
402 1598 569 1659 priores
589 1596 896 1640 Crotonienses
917 1594 1182 1654 Delphicum
1203 1593 1430 1637 oraculum
1445 1593 1666 1637 adierunt.

297 1681 574 1737 Responsum
603 1676 668 1718 his
695 1685 778 1731 est,
807 1674 973 1717 «finem
1003 1672 1105 1717 mali
1140 1673 1253 1729 fore,
1281 1674 1316 1716 si
1342 1672 1554 1717 violatum
1584 1674 1669 1716 Mi-

297 1773 435 1800 nervae
464 1771 646 1811 numen,
672 1764 713 1797 et
737 1753 1067 1797 interfectorum
1094 1769 1243 1797 manes
1265 1752 1550 1813 placassent.»
1581 1755 1671 1796 Ita-

295 1853 379 1895 que
412 1852 548 1895 quum
579 1843 743 1877 statuas
764 1834 999 1894 juvenibus
1019 1834 1148 1892 justae
1173 1832 1511 1893 magnitudinis,
1537 1841 1580 1876 et
1606 1833 1672 1875 in-

297 1916 446 1975 primis
483 1916 693 1957 Minervae
721 1913 931 1956 fabricare
966 1914 1220 1973 coepissent,
1254 1913 1574 1972 Metapontini,
1601 1929 1672 1956 co-

299 1995 420 2054 gnito
446 1992 624 2037 oraculo
651 1993 853 2047 deorum,
880 1991 1181 2051 occupandam
1203 1992 1396 2035 manium
1422 2002 1465 2034 et
1487 1991 1576 2035 deae
1597 2009 1672 2052 pa-

297 2090 389 2116 cem
410 2074 519 2129 rati,
537 2072 770 2133 juvenibus
791 2070 959 2115 modica
979 2081 1022 2114 et
1046 2070 1213 2130 lapidea
1229 2069 1463 2113 simulacra
1479 2081 1675 2130 ponunt,

298 2162 339 2195 et
371 2151 496 2195 deam
537 2150 751 2212 panificiis
787 2149 972 2210 placant.
997 2153 1141 2209 Atque
1176 2151 1235 2192 ita
1270 2149 1400 2209 pestis
1442 2150 1676 2209 utrobique

300 2230 446 2274 sedata
470 2241 554 2286 est,
591 2247 727 2290 quum
754 2229 877 2273 alteri
905 2228 1248 2289 magnificentia,
1287 2227 1411 2271 alteri
1442 2227 1671 2272 velocitate

301 2321 547 2354 certassent.
586 2313 862 2370 Recuperata
894 2310 1096 2362 sanitate,
1132 2325 1221 2351 non
1253 2308 1327 2351 diu
1364 2310 1672 2352 Crotonienses

301 2390 514 2447 quievere.
560 2391 715 2449 Itaque
755 2388 1056 2448 indignanteS,
1093 2388 1137 2429 in
1181 2387 1511 2447 oppugnatione
1561 2388 1667 2431 Siris

301 2467 512 2510 auxilium
536 2478 692 2511 contra
716 2484 759 2511 se
780 2484 804 2510 a
827 2467 1116 2510 Locrensibus
1143 2466 1304 2521 latum,
1330 2465 1494 2528 bellum
1523 2468 1589 2510 his
1608 2469 1673 2510 in-

302 2549 509 2593 tulerunt.
537 2552 638 2607 Quo
667 2561 783 2594 metu
813 2551 950 2592 territi
977 2551 1215 2592 Locrenses
1248 2548 1303 2591 ad
1333 2551 1570 2609 Spartanos
1602 2548 1673 2592 de·

303 2640 488 2672 currunt
511 2647 520 2672 :
544 2629 755 2673 auxilium
782 2628 997 2689 supplices
1020 2629 1323 2688 deprecantur,
1348 2628 1413 2671 Illi
1435 2628 1674 2689 longinqua
