1783 3282
357 238 373 260 α
380 225 401 260 6
943 224 961 257 J
967 223 1131 258 USTINl

355 308 580 362 derentur,
620 315 841 349 matronas
878 306 1210 350 Atheniensium
1247 307 1291 348 in
1324 305 1554 350 Eleusiniis
1593 310 1724 351 sacris

356 396 487 430 noctu
515 387 790 448 oppressuri,
814 401 942 429 naves
980 385 1292 429 conscendunt.
1323 386 1424 441 Qua
1448 402 1493 428 re
1523 387 1696 446 cognita
1713 421 1723 439 ,

354 466 441 508 dux
463 465 796 509 Atheniensium
823 466 1076 509 Pisistratus
1095 465 1371 523 juventutem
1396 466 1439 507 in
1468 465 1633 508 insidiis
1661 464 1724 508 lo-

355 554 447 601 cat,
466 545 595 605 jussis
621 545 830 588 matronis
861 542 989 587 solito
1013 542 1203 586 clamore
1226 559 1276 586 ac
1300 544 1503 603 strepitu,
1527 544 1659 586 etiam
1681 544 1723 586 in

353 640 527 667 accessu
559 624 778 679 hostium,
813 639 867 666 ne
904 621 1149 666 intellectos
1183 638 1227 666 se
1266 624 1473 678 sentiant,
1503 639 1625 666 sacra
1660 639 1726 666 ce-

353 703 520 748 lebrare
549 720 558 746 :
594 719 875 763 egressosque
921 702 1105 745 navibus
1138 703 1417 762 Megarenses
1449 702 1724 761 inopinantes

352 798 579 843 aggressus
622 780 781 825 delevit
822 798 831 824 :
871 798 921 825 ac
958 782 1157 841 protinus
1201 780 1335 824 classe
1377 782 1548 840 captiva
1594 782 1726 825 inter·

353 862 498 904 mixtis
539 859 821 917 mulieribus,
855 871 905 904 ut
940 861 1129 920 speciem
1165 870 1390 920 captarum
1425 869 1723 903 matronarum

352 941 620 1000 praeberent,
642 941 822 1000 Megara
845 939 1084 983 contendit.
1108 937 1179 982 Illi
1208 955 1345 998 quum
1371 949 1414 982 et
1439 940 1618 982 navium
1640 939 1726 982 for-

352 1036 494 1075 mam,
520 1029 563 1063 et
590 1021 771 1079 petitam
800 1018 990 1078 praedam
1025 1028 1368 1078 cognoscerent,
1393 1019 1510 1062 obvii
1539 1018 1593 1062 ad
1628 1035 1726 1079 por-

352 1108 445 1141 tum
469 1097 714 1157 procedunt
736 1114 744 1139 :
769 1098 927 1156 quihus
950 1098 1093 1152 caesis,
1123 1097 1377 1140 Pisistratus
1401 1097 1581 1156 paulum
1609 1115 1633 1141 a
1658 1115 1726 1141 ca-

352 1177 508 1237 pienda
530 1177 638 1219 urbe
667 1175 818 1219 abfuit.
846 1178 913 1219 Ita
939 1178 1216 1236 Megarenses
1244 1177 1331 1219 suis
1358 1175 1469 1219 dolis
1496 1177 1611 1219 hosti
1638 1179 1726 1220 vic-

353 1257 509 1300 toriam
532 1255 702 1299 dedere.
739 1255 823 1299 Sed
849 1256 1100 1299 Pisistratus
1118 1289 1129 1311 ,
1154 1256 1276 1314 quasi
1311 1255 1418 1311 sibi,
1454 1272 1541 1298 non
1576 1257 1726 1315 patriae

352 1336 548 1391 vicisset,
574 1334 848 1394 tyrannidem
869 1351 947 1394 per
970 1333 1120 1377 dolum
1144 1344 1331 1393 occupat
1354 1351 1363 1376 :
1388 1335 1550 1394 quippe
1572 1335 1726 1377 verbe-

352 1415 471 1458 ribus
494 1414 750 1458 voluntariis
767 1414 885 1457 domi
907 1413 1111 1469 affectus,
1135 1412 1325 1457 lacerato
1349 1430 1554 1473 corpore,
1581 1415 1625 1456 in
1649 1430 1727 1474 pu-

352 1493 516 1538 blicum
538 1494 818 1554 progreditur
838 1511 847 1537 :
871 1493 1081 1537 advocata
1103 1494 1331 1549 concione,
1357 1492 1539 1537 vulnera
1563 1492 1726 1554 populo

352 1573 570 1617 ostendit:
595 1573 647 1616 de
672 1572 929 1617 crudelitate
944 1575 1213 1633 principum,
1231 1590 1255 1616 a
1271 1573 1429 1633 quibus
1451 1573 1542 1616 haec
1566 1590 1609 1616 se
1632 1590 1726 1633 pas-

354 1670 450 1697 sum
469 1652 720 1709 simulabat,
745 1654 968 1712 queritur:
990 1652 1212 1696 adduntur
1234 1654 1414 1696 vocibus
1437 1652 1659 1712 lacrymae,
1684 1663 1726 1695 et

354 1733 566 1777 invidiosa
586 1734 783 1777 oratione
805 1732 1043 1776 multitudo
1067 1732 1244 1776 credula
1267 1733 1521 1776 accenditur
1546 1749 1554 1775 :
1579 1749 1725 1775 amore

353 1812 490 1872 plebis
509 1814 697 1856 invisum
720 1829 763 1856 se
786 1813 953 1855 senatui
975 1812 1165 1855 affirmat
1183 1829 1191 1854 :
1216 1813 1384 1855 obtinet
1405 1812 1459 1855 ad
1479 1812 1722 1856 custodiam

354 1893 549 1951 corporis
579 1893 644 1935 sui
667 1890 903 1935 satellitum
926 1889 1137 1934 auxilium
1161 1908 1170 1934 :
1196 1908 1272 1950 per
1294 1908 1402 1950 quos
1425 1901 1639 1951 occupata
1664 1902 1728 1951 ty-

352 1971 557 2027 rannide,
580 1988 658 2031 per
681 1987 816 2014 annos
839 1986 978 2014 xxxnl
1002 1971 1212 2031 regnavit.

415 2052 493 2094 IX.
514 2052 619 2094 Post
640 2051 732 2110 ejus
752 2059 941 2093 mortem
963 2049 1160 2105 Diocles,
1184 2049 1294 2093 alter
1316 2066 1367 2093 ex
1390 2049 1514 2106 filiis,
1539 2067 1617 2110 per
1638 2051 1726 2093 vini

354 2139 551 2190 stuprata
571 2131 740 2190 virgine
757 2164 767 2186 ,
792 2146 816 2173 a
838 2129 970 2173 fratre
987 2128 1140 2190 puellae
1160 2129 1435 2173 interficitur.
1453 2129 1596 2187 Alter,
1619 2131 1728 2192 Hip-

354 2211 444 2269 pias
467 2211 668 2266 nomine,
692 2225 828 2269 quum
851 2210 1083 2270 imperium
1117 2220 1349 2269 paternum
1380 2220 1567 2265 teneret,
1592 2211 1727 2253 inter-

353 2288 561 2332 fectorem
582 2288 728 2332 fratris
757 2289 1068 2349 comprehendi
1092 2290 1218 2349 jubet
1242 2307 1250 2332 :
1276 2290 1349 2349 qui
1378 2306 1515 2349 quum
1541 2306 1619 2349 per
1641 2300 1728 2333 tor-

354 2377 499 2411 menta
517 2369 713 2412 conscios
732 2368 859 2412 caedis
876 2370 1102 2412 nominare
1118 2379 1366 2429 cogeretur,
1393 2385 1542 2413 omnes
1565 2370 1726 2413 amicos

352 2449 523 2506 tyranni
555 2448 809 2491 nominavit.
843 2448 1014 2505 Quibus
1049 2448 1304 2503 interfectis,
1336 2450 1546 2508 quaerenti
1580 2459 1726 2509 tyran-

353 2543 410 2569 no
425 2560 436 2581 ,
453 2528 553 2570 «An
577 2527 718 2570 adhuc
741 2526 874 2587 aliqui
897 2529 1060 2571 conscii
1084 2539 1253 2571 essent:
1278 2530 1524 2583 neminem,
1550 2529 1628 2584 ait,
1654 2545 1725 2571 su-

354 2622 524 2664 peresse
539 2641 549 2661 ,
574 2623 702 2665 quem
727 2606 913 2666 amplius
936 2609 1045 2651 mori
1070 2609 1244 2668 gestiat,
1262 2625 1391 2667 quam
1411 2610 1552 2668 ipsum
1577 2617 1726 2667 tyran-
