1783 3282
478 255 824 289 HISTORIARUM
854 257 941 290 LIB.
970 259 1015 291 ΙΊ.
1386 259 1431 293 33

63 341 94 383 si
124 340 335 393 civitates,
364 354 457 397 quae
481 339 569 398 jam
598 338 716 380 abire
745 337 930 392 vellent,
962 339 1244 399 dissipentur,
1277 343 1428 402 majori

64 418 208 461 labore
237 418 275 460 ei
301 414 489 477 singulas
515 416 874 460 consectandas.»
900 419 994 459 Hoc
1030 417 1132 460 dolo
1158 420 1339 479 impellit
1366 438 1431 464 rc-

61 512 157 555 gem
182 497 351 555 signum
384 512 538 556 pugnae
575 496 689 538 dare.
717 497 860 539 Graeci
887 512 1080 555 quoque,
1115 496 1302 541 adventu
1335 500 1432 543 hos-

58 577 169 618 tium
194 576 414 634 occupati,
440 574 639 634 proelium
667 573 832 618 collatis
852 575 1018 618 viribus
1047 586 1290 635 capessunt.
1314 581 1429 622 lute-

55 671 128 697 rea
153 670 230 696 rex
248 687 259 709 ,
285 652 404 696 velut
430 663 650 713 spectator
685 670 862 713 pugnae,
895 671 993 696 cum
1030 664 1152 714 parte
1180 656 1355 699 navium
1387 660 1429 700 in

56 731 182 776 litore
218 742 425 775 remanet.
465 732 694 775 Artemisia
730 742 894 786 autem,
930 734 1078 792 regina
1111 732 1428 791 Halicarnassi,

56 828 150 870 quae
172 813 215 853 in
236 809 445 853 auxilium
470 811 603 853 Xerxi
629 820 822 865 venerat,
853 812 967 853 iuter
991 813 1153 870 primos
1181 812 1311 856 duces
1338 813 1430 857 bel—

55 889 145 933 lum
180 890 390 933 acerrime
419 889 560 932 ciebat
585 906 592 931 :
619 890 779 949 quippe
810 899 856 932 ut
887 891 930 932 in
964 891 1057 933 viro
1087 890 1344 935 muliebrem
1375 895 1428 936 ti-

56 986 238 1025 morem,
265 970 324 1012 ita
340 970 384 1012 in
409 967 589 1011 muliere
618 967 787 1011 virilem
801 969 1026 1012 audaciam
1045 986 1256 1014 cerneres.
1277 974 1427 1028 Quum

52 1065 211 1108 anceps
240 1047 442 1108 proelium
469 1057 599 1102 esset,
629 1049 774 1102 Iones,
796 1048 920 1107 juxta
947 1059 1213 1109 praeceptum
1234 1050 1429 1094 Themis-

53 1127 198 1183 toclis,
232 1144 387 1187 pugnae
422 1145 464 1169 se
500 1125 709 1186 paulatim
745 1127 1000 1170 subtrahere
1034 1139 1293 1187 coeperunt:
1322 1147 1428 1189 quo-

53 1223 151 1249 rum
180 1205 366 1249 defectio
400 1207 566 1248 animos
599 1215 842 1248 ceterorum
877 1205 1019 1266 fregit.
1049 1209 1203 1266 Itaque
1243 1209 1427 1252 circum-

53 1285 281 1344 ¹‹picientes
316 1283 462 1343 fugam
491 1282 713 1343 pelluntur
738 1285 894 1339 Persae,
923 1295 966 1327 et
991 1302 1091 1328 mox
1114 1285 1266 1345 proelio
1296 1288 1423 1342 victi,

52 1365 95 1406 in
120 1363 267 1423 fugam
299 1372 543 1406 vertuntur.
572 1365 622 1406 In
660 1379 744 1422 qua
781 1363 1070 1423 trepidatione
1102 1364 1250 1408 multae
1289 1376 1424 1426 captae

51 1459 200 1498 naves,
223 1440 371 1485 multae
388 1458 561 1496 mersae,
585 1441 731 1502 plures
754 1451 919 1499 tamen,
942 1460 1027 1486 non
1049 1445 1192 1486 minus
1217 1446 1422 1489 saevitiam

49 1523 161 1582 regis
184 1538 314 1581 quam
337 1521 506 1565 hostem
532 1522 754 1577 timentes,
778 1522 958 1565 domum
981 1522 1248 1566 dilabuntur.

113 1603 235 1644 XIII.
254 1604 347 1644 Hac
366 1599 487 1643 clade
503 1599 771 1659 perculsum,
788 1611 830 1643 et
850 1601 1031 1644 dubium
1051 1601 1218 1645 consilii
1233 1607 1420 1647 Xerxem

50 1679 307 1722 Mardonius
343 1679 608 1739 aggreditur.
643 1682 873 1735 Hortatur,
908 1683 1004 1724 «In
1045 1698 1228 1741 regnum
1268 1683 1419 1739 abeat,

50 1775 102 1801 ne
126 1758 230 1817 quid
258 1758 480 1801 seditionis
510 1768 682 1801 moveat
709 1758 822 1801 fama
844 1759 1012 1802 adversi
1037 1759 1158 1815 belli,
1184 1762 1227 1803 in
1252 1763 1390 1821 majus
1409 1797 1419 1815 ‚

47 1838 176 1880 sicuti
203 1853 296 1880 mos
327 1846 409 1892 est,
434 1838 579 1880 omnia
608 1836 818 1881 extollens
840 1855 848 1880 :
871 1838 952 1881 sibi
975 1854 1053 1882 ccc
1076 1838 1212 1882 millia
1234 1851 1420 1884 armato-

44 1933 143 1959 rum
172 1915 284 1959 lecta
316 1932 366 1958 ex
390 1916 592 1959 omnibus
628 1917 763 1976 copiis
789 1916 1032 1977 relinquat:
1063 1935 1148 1977 qua
1182 1936 1312 1962 manu
1344 1931 1419 1963 aut

45 2012 144 2038 cum
167 1993 302 2055 gloria
329 1995 420 2054 ejus
444 1994 794 2054 perdomiturum
821 2013 864 2039 se
893 1998 1137 2040 Graeciam:
1165 2008 1257 2053 aut,
1284 2000 1317 2042 si
1339 1998 1418 2042 ali-

45 2084 109 2116 ter
132 2083 312 2117 eventus
335 2073 461 2129 ferat,
491 2074 582 2117 sine
612 2075 804 2134 ejusdem
838 2076 1014 2119 infamia
1045 2076 1241 2120 hostibus
1273 2094 1418 2121 cessu-

43 2170 193 2196 rum.»
219 2153 409 2196 Probato
446 2152 646 2209 consilio,
678 2155 910 2198 Mardonio
945 2156 1160 2200 exercitus
1199 2157 1414 2200 traditur:

43 2231 230 2292 reliquas
264 2234 408 2293 copias
430 2249 505 2276 rex
532 2235 621 2293 ipse
648 2234 856 2277 reducere
891 2236 934 2277 in
958 2252 1142 2295 regnum
1164 2246 1299 2295 parat.
1331 2236 1415 2279 Sed

41 2313 203 2367 Graeci,
231 2312 377 2355 audita
402 2316 516 2373 regis
541 2312 661 2373 fuga,
686 2313 916 2357 consilium
938 2315 1090 2358 ineunt
1117 2316 1261 2374 pontis
1283 2316 1416 2358 inter-

41 2390 292 2451 rumpendi,
319 2407 447 2449 quem
475 2391 545 2435 ille
569 2392 723 2452 Abydo
745 2392 879 2436 veluti
912 2395 1051 2437 victor
1078 2395 1208 2437 maris
1234 2394 1414 2449 fecerat3

41 2480 106 2524 ut,
136 2468 374 2513 intercluso
408 2470 578 2527 reditu,
606 2482 681 2515 aut
711 2489 811 2515 cum
845 2473 1038 2515 exercitu
1071 2461 1306 2528 deleretur,
1338 2484 1411 2515 aut

40 2549 340 2609 desperatione
392 2565 565 2604 rerum,
605 2566 756 2609 pacem
791 2552 933 2594 victus
973 2561 1119 2611 petere
1169 2562 1410 2612 cogeretur.

39 2629 122 2671 Sed
154 2627 487 2684 Themistocles,
517 2628 673 2671 timens
701 2645 754 2671 ne
782 2629 1003 2673 interclusi
1034 2631 1179 2674 hostes
1209 2631 1410 2690 despera—

219 2720 245 2744 1.
1160 2709 1185 2752 3
