<?xml version="1.0" encoding="UTF-8"?>
<!DOCTYPE html PUBLIC "-//W3C//DTD XHTML 1.0 Transitional//EN"
    "http://www.w3.org/TR/xhtml1/DTD/xhtml1-transitional.dtd">
<html xmlns="http://www.w3.org/1999/xhtml" xml:lang="en" lang="en">
 <head>
  <title>
</title>
<meta http-equiv="Content-Type" content="text/html;charset=utf-8" />
  <meta name='ocr-system' content='tesseract 3.04.00' />
  <meta name='ocr-capabilities' content='ocr_page ocr_carea ocr_par ocr_line ocrx_word'/>
</head>
<body>
  <div class='ocr_page' id='page_1' title='image "./historiarumphili01justuoft_0195.png"; bbox 0 0 1783 3282; ppageno 0'>
   <div class='ocr_carea' id='block_1_1' title="bbox 489 245 1459 291">
    <p class='ocr_par' dir='ltr' id='par_1_1' title="bbox 489 245 1459 291">
     <span class='ocr_line' id='line_1_1' title="bbox 489 245 1459 291; baseline 0.003 -13"><span class='ocrx_word' id='word_1_1' title='bbox 489 245 839 279; x_wconf 85' lang='lat' dir='ltr'>HISTORIARUM</span> <span class='ocrx_word' id='word_1_2' title='bbox 867 246 955 279; x_wconf 92' lang='lat' dir='ltr'>LIB.</span> <span class='ocrx_word' id='word_1_3' title='bbox 986 246 1065 280; x_wconf 90' lang='lat' dir='ltr'><strong>XX.</strong></span> <span class='ocrx_word' id='word_1_4' title='bbox 1391 259 1459 291; x_wconf 87' lang='lat'><strong>177</strong></span> 
     </span>
    </p>
   </div>
   <div class='ocr_carea' id='block_1_2' title="bbox 81 326 1507 2688">
    <p class='ocr_par' dir='ltr' id='par_1_2' title="bbox 86 326 1462 1099">
     <span class='ocr_line' id='line_1_2' title="bbox 90 326 1462 389; baseline 0.001 -19"><span class='ocrx_word' id='word_1_5' title='bbox 90 327 306 371; x_wconf 84' lang='lat' dir='ltr'><strong>nifestant.</strong></span> <span class='ocrx_word' id='word_1_6' title='bbox 348 326 432 369; x_wconf 85' lang='lat' dir='ltr'><strong>Sed</strong></span> <span class='ocrx_word' id='word_1_7' title='bbox 464 341 543 370; x_wconf 85' lang='lat' dir='ltr'><strong>ccc</strong></span> <span class='ocrx_word' id='word_1_8' title='bbox 580 342 631 368; x_wconf 81' lang='lat' dir='ltr'><strong>ex</strong></span> <span class='ocrx_word' id='word_1_9' title='bbox 658 326 919 385; x_wconf 86' lang='lat' dir='ltr'><strong>juvenibus,</strong></span> <span class='ocrx_word' id='word_1_10' title='bbox 956 343 1092 384; x_wconf 87' lang='lat' dir='ltr'><strong>quum</strong></span> <span class='ocrx_word' id='word_1_11' title='bbox 1130 327 1318 371; x_wconf 84' lang='lat' dir='ltr'>sodalitii</span> <span class='ocrx_word' id='word_1_12' title='bbox 1351 330 1462 389; x_wconf 85' lang='lat' dir='ltr'><strong>juris</strong></span> 
     </span>
     <span class='ocr_line' id='line_1_3' title="bbox 90 403 1462 464; baseline 0.001 -15"><span class='ocrx_word' id='word_1_13' title='bbox 90 414 360 449; x_wconf 85' lang='lat' dir='ltr'><strong>sacramento</strong></span> <span class='ocrx_word' id='word_1_14' title='bbox 395 403 586 464; x_wconf 89' lang='lat' dir='ltr'><strong>quodam</strong></span> <span class='ocrx_word' id='word_1_15' title='bbox 627 404 746 458; x_wconf 84' lang='lat' dir='ltr'>nexi,</span> <span class='ocrx_word' id='word_1_16' title='bbox 772 412 1012 464; x_wconf 80' lang='lat' dir='ltr'><strong>separatam</strong></span> <span class='ocrx_word' id='word_1_17' title='bbox 1048 421 1072 446; x_wconf 90' lang='lat' dir='ltr'><strong>a</strong></span> <span class='ocrx_word' id='word_1_18' title='bbox 1110 408 1263 449; x_wconf 90' lang='lat' dir='ltr'><strong>ceteris</strong></span> <span class='ocrx_word' id='word_1_19' title='bbox 1293 408 1462 451; x_wconf 90' lang='lat' dir='ltr'><strong>civibus</strong></span> 
     </span>
     <span class='ocr_line' id='line_1_4' title="bbox 88 481 1461 543; baseline 0.003 -17"><span class='ocrx_word' id='word_1_20' title='bbox 88 486 222 528; x_wconf 87' lang='lat' dir='ltr'><strong>vitam</strong></span> <span class='ocrx_word' id='word_1_21' title='bbox 234 494 508 540; x_wconf 82' lang='lat' dir='ltr'><strong>exercerent,</strong></span> <span class='ocrx_word' id='word_1_22' title='bbox 523 484 647 543; x_wconf 86' lang='lat' dir='ltr'>quasi</span> <span class='ocrx_word' id='word_1_23' title='bbox 667 493 826 527; x_wconf 89' lang='lat' dir='ltr'><strong>coetum</strong></span> <span class='ocrx_word' id='word_1_24' title='bbox 850 481 1127 526; x_wconf 68' lang='lat' dir='ltr'><strong>clandestinae</strong></span> <span class='ocrx_word' id='word_1_25' title='bbox 1147 485 1461 542; x_wconf 82' lang='lat' dir='ltr'><strong>conjurationis</strong></span> 
     </span>
     <span class='ocr_line' id='line_1_5' title="bbox 88 564 1459 624; baseline 0.002 -18"><span class='ocrx_word' id='word_1_26' title='bbox 88 564 318 618; x_wconf 90' lang='lat' dir='ltr'><strong>haberent,</strong></span> <span class='ocrx_word' id='word_1_27' title='bbox 344 564 562 606; x_wconf 85' lang='lat' dir='ltr'><strong>civitatem</strong></span> <span class='ocrx_word' id='word_1_28' title='bbox 580 565 624 606; x_wconf 90' lang='lat' dir='ltr'><strong>in</strong></span> <span class='ocrx_word' id='word_1_29' title='bbox 651 579 694 606; x_wconf 91' lang='lat' dir='ltr'><strong>se</strong></span> <span class='ocrx_word' id='word_1_30' title='bbox 717 571 1056 606; x_wconf 88' lang='lat' dir='ltr'><strong>converterunt:</strong></span> <span class='ocrx_word' id='word_1_31' title='bbox 1083 578 1181 621; x_wconf 78' lang='lat' dir='ltr'><strong>quae</strong></span> <span class='ocrx_word' id='word_1_32' title='bbox 1204 579 1300 619; x_wconf 89' lang='lat' dir='ltr'><strong>eos,</strong></span> <span class='ocrx_word' id='word_1_33' title='bbox 1325 582 1459 624; x_wconf 89' lang='lat' dir='ltr'><strong>quum</strong></span> 
     </span>
     <span class='ocr_line' id='line_1_6' title="bbox 88 640 1458 702; baseline 0.001 -16"><span class='ocrx_word' id='word_1_34' title='bbox 88 644 132 685; x_wconf 93' lang='lat' dir='ltr'><strong>in</strong></span> <span class='ocrx_word' id='word_1_35' title='bbox 159 659 291 686; x_wconf 89' lang='lat' dir='ltr'><strong>unam</strong></span> <span class='ocrx_word' id='word_1_36' title='bbox 319 642 500 686; x_wconf 88' lang='lat' dir='ltr'><strong>domum</strong></span> <span class='ocrx_word' id='word_1_37' title='bbox 534 642 865 696; x_wconf 88' lang='lat' dir='ltr'><strong>convenissent,</strong></span> <span class='ocrx_word' id='word_1_38' title='bbox 893 657 1088 684; x_wconf 89' lang='lat' dir='ltr'><strong>cremare</strong></span> <span class='ocrx_word' id='word_1_39' title='bbox 1113 640 1264 684; x_wconf 91' lang='lat' dir='ltr'><strong>voluit.</strong></span> <span class='ocrx_word' id='word_1_40' title='bbox 1296 644 1345 684; x_wconf 90' lang='lat' dir='ltr'><strong>In</strong></span> <span class='ocrx_word' id='word_1_41' title='bbox 1371 660 1458 702; x_wconf 91' lang='lat' dir='ltr'><strong>quo</strong></span> 
     </span>
     <span class='ocr_line' id='line_1_7' title="bbox 87 719 1458 781; baseline 0.001 -17"><span class='ocrx_word' id='word_1_42' title='bbox 87 720 280 765; x_wconf 87' lang='lat' dir='ltr'>tumultu</span> <span class='ocrx_word' id='word_1_43' title='bbox 314 738 370 765; x_wconf 85' lang='lat' dir='ltr'><strong>Lx</strong></span> <span class='ocrx_word' id='word_1_44' title='bbox 398 721 531 765; x_wconf 89' lang='lat' dir='ltr'><strong>ferme</strong></span> <span class='ocrx_word' id='word_1_45' title='bbox 554 721 720 780; x_wconf 89' lang='lat' dir='ltr'><strong>periere</strong></span> <span class='ocrx_word' id='word_1_46' title='bbox 747 738 756 763; x_wconf 89' lang='lat'>:</span> <span class='ocrx_word' id='word_1_47' title='bbox 786 721 916 763; x_wconf 89' lang='lat' dir='ltr'><strong>ceteri</strong></span> <span class='ocrx_word' id='word_1_48' title='bbox 954 721 998 763; x_wconf 93' lang='lat' dir='ltr'><strong>in</strong></span> <span class='ocrx_word' id='word_1_49' title='bbox 1027 719 1225 763; x_wconf 85' lang='lat' dir='ltr'><strong>exsilium</strong></span> <span class='ocrx_word' id='word_1_50' title='bbox 1265 721 1458 781; x_wconf 83' lang='lat' dir='ltr'><strong>profecti.</strong></span> 
     </span>
     <span class='ocr_line' id='line_1_8' title="bbox 87 801 1461 862; baseline 0.001 -18"><span class='ocrx_word' id='word_1_51' title='bbox 87 802 357 862; x_wconf 80' lang='lat' dir='ltr'><strong>Pythagoras</strong></span> <span class='ocrx_word' id='word_1_52' title='bbox 381 811 526 844; x_wconf 87' lang='lat' dir='ltr'><strong>autem</strong></span> <span class='ocrx_word' id='word_1_53' title='bbox 552 817 687 859; x_wconf 90' lang='lat' dir='ltr'><strong>quum</strong></span> <span class='ocrx_word' id='word_1_54' title='bbox 711 816 848 843; x_wconf 86' lang='lat' dir='ltr'><strong>annos</strong></span> <span class='ocrx_word' id='word_1_55' title='bbox 861 816 922 842; x_wconf 82' lang='lat' dir='ltr'><strong>xx</strong></span> <span class='ocrx_word' id='word_1_56' title='bbox 939 802 1144 843; x_wconf 73' lang='lat' dir='ltr'><strong>Crotonae</strong></span> <span class='ocrx_word' id='word_1_57' title='bbox 1170 801 1346 860; x_wconf 82' lang='lat' dir='ltr'><strong>egisset,</strong></span> <span class='ocrx_word' id='word_1_58' title='bbox 1367 803 1461 845; x_wconf 88' lang='lat' dir='ltr'><strong>Me-</strong></span> 
     </span>
     <span class='ocr_line' id='line_1_9' title="bbox 89 878 1457 939; baseline 0 -16"><span class='ocrx_word' id='word_1_59' title='bbox 89 889 319 939; x_wconf 87' lang='lat' dir='ltr'><strong>tapontum</strong></span> <span class='ocrx_word' id='word_1_60' title='bbox 345 880 572 939; x_wconf 86' lang='lat' dir='ltr'><strong>migravit,</strong></span> <span class='ocrx_word' id='word_1_61' title='bbox 599 879 746 938; x_wconf 90' lang='lat' dir='ltr'><strong>ibique</strong></span> <span class='ocrx_word' id='word_1_62' title='bbox 780 878 962 922; x_wconf 87' lang='lat' dir='ltr'><strong>decessit</strong></span> <span class='ocrx_word' id='word_1_63' title='bbox 990 896 998 921; x_wconf 92' lang='lat'>:</span> <span class='ocrx_word' id='word_1_64' title='bbox 1023 879 1148 938; x_wconf 89' lang='lat' dir='ltr'><strong>cujus</strong></span> <span class='ocrx_word' id='word_1_65' title='bbox 1182 889 1303 923; x_wconf 90' lang='lat' dir='ltr'><strong>tanta</strong></span> <span class='ocrx_word' id='word_1_66' title='bbox 1325 879 1457 924; x_wconf 86' lang='lat' dir='ltr'><strong>admi-</strong></span> 
     </span>
     <span class='ocr_line' id='line_1_10' title="bbox 87 944 1457 1020; baseline 0.001 -18"><span class='ocrx_word' id='word_1_67' title='bbox 87 960 195 1002; x_wconf 87' lang='lat' dir='ltr'><strong>ratio</strong></span> <span class='ocrx_word' id='word_1_68' title='bbox 222 958 324 1015; x_wconf 89' lang='lat' dir='ltr'><strong>fuit,</strong></span> <span class='ocrx_word' id='word_1_69' title='bbox 353 968 401 1002; x_wconf 90' lang='lat' dir='ltr'><strong>ut</strong></span> <span class='ocrx_word' id='word_1_70' title='bbox 428 974 479 1002; x_wconf 80' lang='lat' dir='ltr'><strong>ex</strong></span> <span class='ocrx_word' id='word_1_71' title='bbox 510 958 641 1002; x_wconf 91' lang='lat' dir='ltr'><strong>domo</strong></span> <span class='ocrx_word' id='word_1_72' title='bbox 667 959 759 1018; x_wconf 86' lang='lat' dir='ltr'><strong>ejus</strong></span> <span class='ocrx_word' id='word_1_73' title='bbox 790 944 1002 1018; x_wconf 79' lang='lat' dir='ltr'><strong>templum</strong></span> <span class='ocrx_word' id='word_1_74' title='bbox 1029 958 1240 1015; x_wconf 87' lang='lat' dir='ltr'><strong>facerent,</strong></span> <span class='ocrx_word' id='word_1_75' title='bbox 1267 976 1457 1020; x_wconf 90' lang='lat' dir='ltr'><strong>eumque</strong></span> 
     </span>
     <span class='ocr_line' id='line_1_11' title="bbox 86 1037 501 1099; baseline -0.002 -17"><span class='ocrx_word' id='word_1_76' title='bbox 86 1055 167 1099; x_wconf 91' lang='lat' dir='ltr'><strong>pro</strong></span> <span class='ocrx_word' id='word_1_77' title='bbox 189 1038 269 1082; x_wconf 93' lang='lat' dir='ltr'><strong>deo</strong></span> <span class='ocrx_word' id='word_1_78' title='bbox 296 1037 501 1081; x_wconf 89' lang='lat' dir='ltr'><strong>colerent.</strong></span> 
     </span>
    </p>

    <p class='ocr_par' dir='ltr' id='par_1_3' title="bbox 81 1118 1507 2688">
     <span class='ocr_line' id='line_1_12' title="bbox 148 1118 1507 1179; baseline 0.002 -19"><span class='ocrx_word' id='word_1_79' title='bbox 148 1119 201 1160; x_wconf 91' lang='lat' dir='ltr'><strong>V.</strong></span> <span class='ocrx_word' id='word_1_80' title='bbox 227 1118 369 1177; x_wconf 87' lang='lat' dir='ltr'><strong>Igitur</strong></span> <span class='ocrx_word' id='word_1_81' title='bbox 400 1118 639 1177; x_wconf 85' lang='lat' dir='ltr'><strong>Dionysius</strong></span> <span class='ocrx_word' id='word_1_82' title='bbox 674 1128 906 1178; x_wconf 87' lang='lat' dir='ltr'><strong>tyrannus,</strong></span> <span class='ocrx_word' id='word_1_83' title='bbox 939 1135 1070 1178; x_wconf 87' lang='lat' dir='ltr'><strong>quem</strong></span> <span class='ocrx_word' id='word_1_84' title='bbox 1105 1136 1237 1179; x_wconf 89' lang='lat' dir='ltr'><strong>supra</strong></span> <span class='ocrx_word' id='word_1_85' title='bbox 1266 1136 1291 1163; x_wconf 88' lang='lat' dir='ltr'><strong>a</strong></span> <span class='ocrx_word' id='word_1_86' title='bbox 1315 1120 1460 1164; x_wconf 83' lang='lat' dir='ltr'><strong>Sicilia</strong></span> <span class='ocrx_word' id='word_1_87' title='bbox 1505 1139 1507 1141; x_wconf 54' lang='lat'><strong><em>¹</em></strong></span> 
     </span>
     <span class='ocr_line' id='line_1_13' title="bbox 86 1195 1462 1257; baseline 0.002 -17"><span class='ocrx_word' id='word_1_88' title='bbox 86 1196 322 1240; x_wconf 82' lang='lat' dir='ltr'><strong>exercitum</strong></span> <span class='ocrx_word' id='word_1_89' title='bbox 358 1197 401 1239; x_wconf 93' lang='lat' dir='ltr'><strong>in</strong></span> <span class='ocrx_word' id='word_1_90' title='bbox 433 1195 604 1239; x_wconf 91' lang='lat' dir='ltr'><strong>Italiam</strong></span> <span class='ocrx_word' id='word_1_91' title='bbox 645 1198 885 1257; x_wconf 81' lang='lat' dir='ltr'><strong>trajecisse,</strong></span> <span class='ocrx_word' id='word_1_92' title='bbox 915 1196 1164 1257; x_wconf 89' lang='lat' dir='ltr'><strong>bellumque</strong></span> <span class='ocrx_word' id='word_1_93' title='bbox 1195 1200 1357 1243; x_wconf 82' lang='lat' dir='ltr'><strong>Graecis</strong></span> <span class='ocrx_word' id='word_1_94' title='bbox 1398 1201 1462 1243; x_wconf 90' lang='lat' dir='ltr'><strong>in—</strong></span> 
     </span>
     <span class='ocr_line' id='line_1_14' title="bbox 86 1275 1459 1336; baseline 0.003 -17"><span class='ocrx_word' id='word_1_95' title='bbox 86 1275 235 1320; x_wconf 88' lang='lat' dir='ltr'><strong>tulisse</strong></span> <span class='ocrx_word' id='word_1_96' title='bbox 249 1310 260 1332; x_wconf 91' lang='lat'><strong>,</strong></span> <span class='ocrx_word' id='word_1_97' title='bbox 276 1277 614 1320; x_wconf 83' lang='lat' dir='ltr'><strong>memoravimus</strong></span> <span class='ocrx_word' id='word_1_98' title='bbox 625 1311 635 1330; x_wconf 89' lang='lat'><strong>,</strong></span> <span class='ocrx_word' id='word_1_99' title='bbox 649 1276 907 1336; x_wconf 78' lang='lat' dir='ltr'><strong>expugnatis</strong></span> <span class='ocrx_word' id='word_1_100' title='bbox 931 1278 1083 1320; x_wconf 89' lang='lat' dir='ltr'><strong>Locris</strong></span> <span class='ocrx_word' id='word_1_101' title='bbox 1100 1311 1110 1333; x_wconf 93' lang='lat'><strong>,</strong></span> <span class='ocrx_word' id='word_1_102' title='bbox 1125 1279 1436 1323; x_wconf 86' lang='lat' dir='ltr'><strong>Crotonienses</strong></span> <span class='ocrx_word' id='word_1_103' title='bbox 1449 1315 1459 1333; x_wconf 87' lang='lat'><strong>,</strong></span> 
     </span>
     <span class='ocr_line' id='line_1_15' title="bbox 85 1354 1458 1415; baseline 0.002 -17"><span class='ocrx_word' id='word_1_104' title='bbox 85 1356 157 1398; x_wconf 83' lang='lat' dir='ltr'><strong>vix</strong></span> <span class='ocrx_word' id='word_1_105' title='bbox 182 1356 294 1398; x_wconf 87' lang='lat' dir='ltr'><strong>vires</strong></span> <span class='ocrx_word' id='word_1_106' title='bbox 321 1354 452 1415; x_wconf 86' lang='lat' dir='ltr'><strong>longo</strong></span> <span class='ocrx_word' id='word_1_107' title='bbox 480 1356 570 1398; x_wconf 89' lang='lat' dir='ltr'><strong>otio</strong></span> <span class='ocrx_word' id='word_1_108' title='bbox 605 1371 656 1398; x_wconf 77' lang='lat' dir='ltr'><strong>ex</strong></span> <span class='ocrx_word' id='word_1_109' title='bbox 688 1356 846 1415; x_wconf 87' lang='lat' dir='ltr'><strong>prioris</strong></span> <span class='ocrx_word' id='word_1_110' title='bbox 888 1354 989 1398; x_wconf 91' lang='lat' dir='ltr'><strong>belli</strong></span> <span class='ocrx_word' id='word_1_111' title='bbox 1018 1355 1140 1399; x_wconf 87' lang='lat' dir='ltr'><strong>clade</strong></span> <span class='ocrx_word' id='word_1_112' title='bbox 1166 1368 1458 1413; x_wconf 84' lang='lat' dir='ltr'><strong>resumentes,</strong></span> 
     </span>
     <span class='ocr_line' id='line_1_16' title="bbox 85 1433 1459 1497; baseline 0.003 -20"><span class='ocrx_word' id='word_1_113' title='bbox 85 1433 339 1496; x_wconf 86' lang='lat' dir='ltr'><strong>aggreditur</strong></span> <span class='ocrx_word' id='word_1_114' title='bbox 361 1451 369 1477; x_wconf 87' lang='lat'>:</span> <span class='ocrx_word' id='word_1_115' title='bbox 391 1435 466 1494; x_wconf 90' lang='lat' dir='ltr'><strong>qui</strong></span> <span class='ocrx_word' id='word_1_116' title='bbox 486 1434 642 1477; x_wconf 88' lang='lat' dir='ltr'><strong>fortius</strong></span> <span class='ocrx_word' id='word_1_117' title='bbox 670 1451 769 1477; x_wconf 87' lang='lat' dir='ltr'><strong>cum</strong></span> <span class='ocrx_word' id='word_1_118' title='bbox 790 1435 939 1495; x_wconf 91' lang='lat' dir='ltr'><strong>paucis</strong></span> <span class='ocrx_word' id='word_1_119' title='bbox 965 1444 1088 1478; x_wconf 83' lang='lat' dir='ltr'><strong>tanto</strong></span> <span class='ocrx_word' id='word_1_120' title='bbox 1111 1437 1323 1480; x_wconf 78' lang='lat' dir='ltr'><strong>exercitui</strong></span> <span class='ocrx_word' id='word_1_121' title='bbox 1341 1438 1433 1497; x_wconf 87' lang='lat' dir='ltr'><strong>ejus</strong></span> <span class='ocrx_word' id='word_1_122' title='bbox 1449 1472 1459 1492; x_wconf 89' lang='lat'><strong>,</strong></span> 
     </span>
     <span class='ocr_line' id='line_1_17' title="bbox 85 1511 1457 1575; baseline 0.003 -19"><span class='ocrx_word' id='word_1_123' title='bbox 85 1530 215 1573; x_wconf 89' lang='lat' dir='ltr'><strong>quam</strong></span> <span class='ocrx_word' id='word_1_124' title='bbox 240 1524 366 1557; x_wconf 89' lang='lat' dir='ltr'><strong>antea</strong></span> <span class='ocrx_word' id='word_1_125' title='bbox 393 1530 492 1556; x_wconf 89' lang='lat' dir='ltr'><strong>cum</strong></span> <span class='ocrx_word' id='word_1_126' title='bbox 514 1523 580 1556; x_wconf 91' lang='lat' dir='ltr'><strong>tot</strong></span> <span class='ocrx_word' id='word_1_127' title='bbox 597 1511 790 1557; x_wconf 91' lang='lat' dir='ltr'><strong>millibus</strong></span> <span class='ocrx_word' id='word_1_128' title='bbox 810 1515 1098 1558; x_wconf 88' lang='lat' dir='ltr'><strong>Locrensium</strong></span> <span class='ocrx_word' id='word_1_129' title='bbox 1116 1517 1347 1575; x_wconf 87' lang='lat' dir='ltr'><strong>paucitati,</strong></span> <span class='ocrx_word' id='word_1_130' title='bbox 1371 1534 1457 1561; x_wconf 63' lang='lat' dir='ltr'><strong>reS«</strong></span> 
     </span>
     <span class='ocr_line' id='line_1_18' title="bbox 85 1593 1459 1654; baseline 0.002 -18"><span class='ocrx_word' id='word_1_131' title='bbox 85 1594 280 1636; x_wconf 88' lang='lat' dir='ltr'><strong>titerunt.</strong></span> <span class='ocrx_word' id='word_1_132' title='bbox 308 1595 500 1636; x_wconf 85' lang='lat' dir='ltr'><strong>Tantum</strong></span> <span class='ocrx_word' id='word_1_133' title='bbox 528 1593 703 1636; x_wconf 85' lang='lat' dir='ltr'><strong>virtutis</strong></span> <span class='ocrx_word' id='word_1_134' title='bbox 732 1604 964 1654; x_wconf 83' lang='lat' dir='ltr'><strong>paupertas</strong></span> <span class='ocrx_word' id='word_1_135' title='bbox 991 1593 1197 1638; x_wconf 89' lang='lat' dir='ltr'><strong>adversus</strong></span> <span class='ocrx_word' id='word_1_136' title='bbox 1225 1594 1459 1639; x_wconf 87' lang='lat' dir='ltr'><strong>insolentes</strong></span> 
     </span>
     <span class='ocr_line' id='line_1_19' title="bbox 85 1672 1460 1733; baseline 0.002 -18"><span class='ocrx_word' id='word_1_137' title='bbox 85 1673 257 1716; x_wconf 87' lang='lat' dir='ltr'><strong>divitias</strong></span> <span class='ocrx_word' id='word_1_138' title='bbox 282 1672 432 1728; x_wconf 90' lang='lat' dir='ltr'><strong>habet,</strong></span> <span class='ocrx_word' id='word_1_139' title='bbox 455 1681 664 1732; x_wconf 81' lang='lat' dir='ltr'><strong>tantoque</strong></span> <span class='ocrx_word' id='word_1_140' title='bbox 688 1673 910 1732; x_wconf 86' lang='lat' dir='ltr'><strong>insperata</strong></span> <span class='ocrx_word' id='word_1_141' title='bbox 932 1672 1152 1716; x_wconf 85' lang='lat' dir='ltr'><strong>interdum</strong></span> <span class='ocrx_word' id='word_1_142' title='bbox 1179 1685 1351 1733; x_wconf 91' lang='lat' dir='ltr'><strong>sperata</strong></span> <span class='ocrx_word' id='word_1_143' title='bbox 1374 1676 1460 1719; x_wconf 89' lang='lat' dir='ltr'><strong>vic-</strong></span> 
     </span>
     <span class='ocr_line' id='line_1_20' title="bbox 84 1751 1459 1815; baseline 0.002 -21"><span class='ocrx_word' id='word_1_144' title='bbox 84 1753 196 1795; x_wconf 88' lang='lat' dir='ltr'><strong>toria</strong></span> <span class='ocrx_word' id='word_1_145' title='bbox 221 1753 382 1795; x_wconf 87' lang='lat' dir='ltr'><strong>certior</strong></span> <span class='ocrx_word' id='word_1_146' title='bbox 405 1761 480 1795; x_wconf 89' lang='lat' dir='ltr'><strong>est.</strong></span> <span class='ocrx_word' id='word_1_147' title='bbox 510 1751 594 1795; x_wconf 89' lang='lat' dir='ltr'><strong>Sed</strong></span> <span class='ocrx_word' id='word_1_148' title='bbox 616 1752 877 1812; x_wconf 88' lang='lat' dir='ltr'><strong>Dionysium</strong></span> <span class='ocrx_word' id='word_1_149' title='bbox 899 1762 1121 1813; x_wconf 85' lang='lat' dir='ltr'><strong>gerentem</strong></span> <span class='ocrx_word' id='word_1_150' title='bbox 1144 1752 1309 1797; x_wconf 90' lang='lat' dir='ltr'><strong>bellum</strong></span> <span class='ocrx_word' id='word_1_151' title='bbox 1330 1753 1459 1815; x_wconf 84' lang='lat' dir='ltr'><strong>legati</strong></span> 
     </span>
     <span class='ocr_line' id='line_1_21' title="bbox 83 1831 1460 1891; baseline 0.003 -17"><span class='ocrx_word' id='word_1_152' title='bbox 83 1831 336 1887; x_wconf 87' lang='lat' dir='ltr'><strong>Gallorum,</strong></span> <span class='ocrx_word' id='word_1_153' title='bbox 363 1831 438 1891; x_wconf 91' lang='lat' dir='ltr'><strong>qui</strong></span> <span class='ocrx_word' id='word_1_154' title='bbox 462 1841 562 1875; x_wconf 87' lang='lat' dir='ltr'><strong>ante</strong></span> <span class='ocrx_word' id='word_1_155' title='bbox 588 1848 757 1875; x_wconf 89' lang='lat' dir='ltr'><strong>menses</strong></span> <span class='ocrx_word' id='word_1_156' title='bbox 782 1834 969 1876; x_wconf 86' lang='lat' dir='ltr'><strong>Romam</strong></span> <span class='ocrx_word' id='word_1_157' title='bbox 994 1833 1305 1890; x_wconf 89' lang='lat' dir='ltr'><strong>incenderant,</strong></span> <span class='ocrx_word' id='word_1_158' title='bbox 1328 1835 1460 1878; x_wconf 91' lang='lat' dir='ltr'><strong>socie-</strong></span> 
     </span>
     <span class='ocr_line' id='line_1_22' title="bbox 82 1911 1457 1971; baseline 0.002 -18"><span class='ocrx_word' id='word_1_159' title='bbox 82 1921 215 1954; x_wconf 85' lang='lat' dir='ltr'><strong>tatem</strong></span> <span class='ocrx_word' id='word_1_160' title='bbox 252 1911 579 1970; x_wconf 87' lang='lat' dir='ltr'><strong>amicitiamque</strong></span> <span class='ocrx_word' id='word_1_161' title='bbox 618 1921 812 1971; x_wconf 91' lang='lat' dir='ltr'><strong>petentes</strong></span> <span class='ocrx_word' id='word_1_162' title='bbox 853 1911 1016 1955; x_wconf 86' lang='lat' dir='ltr'><strong>adeunt</strong></span> <span class='ocrx_word' id='word_1_163' title='bbox 1042 1929 1049 1955; x_wconf 91' lang='lat'>:</span> <span class='ocrx_word' id='word_1_164' title='bbox 1082 1915 1307 1957; x_wconf 84' lang='lat' dir='ltr'><strong>«Gentem</strong></span> <span class='ocrx_word' id='word_1_165' title='bbox 1335 1930 1457 1957; x_wconf 88' lang='lat' dir='ltr'><strong>suam</strong></span> 
     </span>
     <span class='ocr_line' id='line_1_23' title="bbox 83 1990 1460 2052; baseline 0.002 -19"><span class='ocrx_word' id='word_1_166' title='bbox 83 1992 194 2034; x_wconf 83' lang='lat' dir='ltr'><strong>inter</strong></span> <span class='ocrx_word' id='word_1_167' title='bbox 221 1990 367 2034; x_wconf 92' lang='lat' dir='ltr'><strong>hostes</strong></span> <span class='ocrx_word' id='word_1_168' title='bbox 393 1991 486 2050; x_wconf 89' lang='lat' dir='ltr'><strong>ejus</strong></span> <span class='ocrx_word' id='word_1_169' title='bbox 514 1991 704 2050; x_wconf 89' lang='lat' dir='ltr'><strong>positam</strong></span> <span class='ocrx_word' id='word_1_170' title='bbox 729 2007 840 2047; x_wconf 93' lang='lat' dir='ltr'><strong>esse,</strong></span> <span class='ocrx_word' id='word_1_171' title='bbox 865 2008 1115 2052; x_wconf 88' lang='lat' dir='ltr'><strong>magnoque</strong></span> <span class='ocrx_word' id='word_1_172' title='bbox 1143 1994 1241 2035; x_wconf 90' lang='lat' dir='ltr'><strong>usui</strong></span> <span class='ocrx_word' id='word_1_173' title='bbox 1272 1993 1310 2035; x_wconf 92' lang='lat' dir='ltr'><strong>ei</strong></span> <span class='ocrx_word' id='word_1_174' title='bbox 1348 1992 1460 2036; x_wconf 91' lang='lat' dir='ltr'><strong>futu-</strong></span> 
     </span>
     <span class='ocr_line' id='line_1_24' title="bbox 81 2068 1456 2131; baseline 0.002 -19"><span class='ocrx_word' id='word_1_175' title='bbox 81 2087 175 2113; x_wconf 86' lang='lat' dir='ltr'><strong>ram</strong></span> <span class='ocrx_word' id='word_1_176' title='bbox 197 2068 263 2112; x_wconf 88' lang='lat' dir='ltr'><strong>vel</strong></span> <span class='ocrx_word' id='word_1_177' title='bbox 288 2071 332 2112; x_wconf 93' lang='lat' dir='ltr'><strong>in</strong></span> <span class='ocrx_word' id='word_1_178' title='bbox 358 2070 447 2112; x_wconf 86' lang='lat' dir='ltr'><strong>acie</strong></span> <span class='ocrx_word' id='word_1_179' title='bbox 458 2068 637 2112; x_wconf 91' lang='lat' dir='ltr'><strong>bellanti</strong></span> <span class='ocrx_word' id='word_1_180' title='bbox 652 2104 662 2124; x_wconf 94' lang='lat'><strong>,</strong></span> <span class='ocrx_word' id='word_1_181' title='bbox 685 2069 749 2113; x_wconf 93' lang='lat' dir='ltr'><strong>vel</strong></span> <span class='ocrx_word' id='word_1_182' title='bbox 773 2070 825 2113; x_wconf 89' lang='lat' dir='ltr'><strong>de</strong></span> <span class='ocrx_word' id='word_1_183' title='bbox 850 2080 974 2130; x_wconf 86' lang='lat' dir='ltr'><strong>tergo</strong></span> <span class='ocrx_word' id='word_1_184' title='bbox 989 2072 1165 2114; x_wconf 90' lang='lat' dir='ltr'><strong>intentis</strong></span> <span class='ocrx_word' id='word_1_185' title='bbox 1189 2073 1234 2114; x_wconf 89' lang='lat' dir='ltr'><strong>in</strong></span> <span class='ocrx_word' id='word_1_186' title='bbox 1256 2071 1456 2131; x_wconf 86' lang='lat' dir='ltr'><strong>proelium</strong></span> 
     </span>
     <span class='ocr_line' id='line_1_25' title="bbox 82 2148 1457 2210; baseline 0.002 -18"><span class='ocrx_word' id='word_1_187' title='bbox 82 2149 333 2204; x_wconf 70' lang='lat' dir='ltr'><strong>liostibus,»</strong></span> <span class='ocrx_word' id='word_1_188' title='bbox 359 2148 593 2192; x_wconf 88' lang='lat' dir='ltr'><strong>affirmant.</strong></span> <span class='ocrx_word' id='word_1_189' title='bbox 627 2151 768 2192; x_wconf 85' lang='lat' dir='ltr'><strong>Grata</strong></span> <span class='ocrx_word' id='word_1_190' title='bbox 808 2149 969 2210; x_wconf 85' lang='lat' dir='ltr'><strong>legatio</strong></span> <span class='ocrx_word' id='word_1_191' title='bbox 1004 2152 1217 2210; x_wconf 82' lang='lat' dir='ltr'><strong>Dionysio</strong></span> <span class='ocrx_word' id='word_1_192' title='bbox 1255 2151 1350 2195; x_wconf 81' lang='lat' dir='ltr'><strong>fuit.</strong></span> <span class='ocrx_word' id='word_1_193' title='bbox 1390 2155 1457 2196; x_wconf 82' lang='lat' dir='ltr'><strong>Ita</strong></span> 
     </span>
     <span class='ocr_line' id='line_1_26' title="bbox 82 2227 1456 2289; baseline 0.001 -17"><span class='ocrx_word' id='word_1_194' title='bbox 82 2239 207 2289; x_wconf 87' lang='lat' dir='ltr'><strong>pacta</strong></span> <span class='ocrx_word' id='word_1_195' title='bbox 233 2230 460 2283; x_wconf 85' lang='lat' dir='ltr'><strong>societate,</strong></span> <span class='ocrx_word' id='word_1_196' title='bbox 482 2237 523 2271; x_wconf 87' lang='lat' dir='ltr'><strong>et</strong></span> <span class='ocrx_word' id='word_1_197' title='bbox 550 2227 721 2271; x_wconf 78' lang='lat' dir='ltr'><strong>auxiliis</strong></span> <span class='ocrx_word' id='word_1_198' title='bbox 747 2228 977 2272; x_wconf 86' lang='lat' dir='ltr'><strong>Gallorum</strong></span> <span class='ocrx_word' id='word_1_199' title='bbox 1000 2239 1175 2286; x_wconf 83' lang='lat' dir='ltr'><strong>auctuS,</strong></span> <span class='ocrx_word' id='word_1_200' title='bbox 1195 2229 1358 2274; x_wconf 86' lang='lat' dir='ltr'><strong>bellum</strong></span> <span class='ocrx_word' id='word_1_201' title='bbox 1385 2248 1456 2275; x_wconf 88' lang='lat' dir='ltr'><strong>ve-</strong></span> 
     </span>
     <span class='ocr_line' id='line_1_27' title="bbox 82 2308 1456 2369; baseline 0.001 -17"><span class='ocrx_word' id='word_1_202' title='bbox 82 2309 147 2353; x_wconf 86' lang='lat' dir='ltr'><strong>lut</strong></span> <span class='ocrx_word' id='word_1_203' title='bbox 176 2326 225 2352; x_wconf 82' lang='lat' dir='ltr'><strong>ex</strong></span> <span class='ocrx_word' id='word_1_204' title='bbox 252 2310 424 2369; x_wconf 86' lang='lat' dir='ltr'><strong>integro</strong></span> <span class='ocrx_word' id='word_1_205' title='bbox 450 2317 678 2351; x_wconf 87' lang='lat' dir='ltr'><strong>restaurat.</strong></span> <span class='ocrx_word' id='word_1_206' title='bbox 709 2308 785 2351; x_wconf 91' lang='lat' dir='ltr'><strong>His</strong></span> <span class='ocrx_word' id='word_1_207' title='bbox 810 2318 955 2351; x_wconf 89' lang='lat' dir='ltr'><strong>autem</strong></span> <span class='ocrx_word' id='word_1_208' title='bbox 983 2308 1122 2352; x_wconf 90' lang='lat' dir='ltr'><strong>Gallis</strong></span> <span class='ocrx_word' id='word_1_209' title='bbox 1141 2327 1267 2353; x_wconf 84' lang='lat' dir='ltr'><strong>causa</strong></span> <span class='ocrx_word' id='word_1_210' title='bbox 1295 2312 1339 2353; x_wconf 90' lang='lat' dir='ltr'><strong>in</strong></span> <span class='ocrx_word' id='word_1_211' title='bbox 1369 2313 1456 2355; x_wconf 84' lang='lat' dir='ltr'><strong>Ita-</strong></span> 
     </span>
     <span class='ocr_line' id='line_1_28' title="bbox 82 2388 1458 2448; baseline 0.001 -16"><span class='ocrx_word' id='word_1_212' title='bbox 82 2389 184 2432; x_wconf 89' lang='lat' dir='ltr'><strong>liam</strong></span> <span class='ocrx_word' id='word_1_213' title='bbox 209 2389 436 2443; x_wconf 89' lang='lat' dir='ltr'><strong>veniendi‚</strong></span> <span class='ocrx_word' id='word_1_214' title='bbox 461 2388 668 2448; x_wconf 88' lang='lat' dir='ltr'><strong>sedesque</strong></span> <span class='ocrx_word' id='word_1_215' title='bbox 694 2404 828 2431; x_wconf 92' lang='lat' dir='ltr'><strong>novas</strong></span> <span class='ocrx_word' id='word_1_216' title='bbox 856 2388 1108 2448; x_wconf 82' lang='lat' dir='ltr'><strong>quaerendi,</strong></span> <span class='ocrx_word' id='word_1_217' title='bbox 1138 2390 1343 2433; x_wconf 87' lang='lat' dir='ltr'><strong>intestina</strong></span> <span class='ocrx_word' id='word_1_218' title='bbox 1375 2390 1458 2434; x_wconf 87' lang='lat' dir='ltr'><strong>dis-</strong></span> 
     </span>
     <span class='ocr_line' id='line_1_29' title="bbox 83 2466 1456 2528; baseline 0 -16"><span class='ocrx_word' id='word_1_219' title='bbox 83 2469 255 2522; x_wconf 86' lang='lat' dir='ltr'><strong>cordia,</strong></span> <span class='ocrx_word' id='word_1_220' title='bbox 292 2477 332 2511; x_wconf 90' lang='lat' dir='ltr'><strong>et</strong></span> <span class='ocrx_word' id='word_1_221' title='bbox 369 2467 552 2511; x_wconf 83' lang='lat' dir='ltr'><strong>assiduae</strong></span> <span class='ocrx_word' id='word_1_222' title='bbox 598 2467 716 2510; x_wconf 84' lang='lat' dir='ltr'><strong>domi</strong></span> <span class='ocrx_word' id='word_1_223' title='bbox 756 2466 1042 2511; x_wconf 89' lang='lat' dir='ltr'><strong>dissensiones</strong></span> <span class='ocrx_word' id='word_1_224' title='bbox 1076 2468 1196 2511; x_wconf 86' lang='lat' dir='ltr'><strong>fuere</strong></span> <span class='ocrx_word' id='word_1_225' title='bbox 1226 2486 1235 2512; x_wconf 91' lang='lat'>:</span> <span class='ocrx_word' id='word_1_226' title='bbox 1271 2486 1456 2528; x_wconf 86' lang='lat' dir='ltr'><strong>quarum</strong></span> 
     </span>
     <span class='ocr_line' id='line_1_30' title="bbox 82 2546 1453 2607; baseline 0.001 -16"><span class='ocrx_word' id='word_1_227' title='bbox 82 2548 210 2591; x_wconf 87' lang='lat' dir='ltr'><strong>taedio</strong></span> <span class='ocrx_word' id='word_1_228' title='bbox 241 2564 377 2607; x_wconf 87' lang='lat' dir='ltr'><strong>quum</strong></span> <span class='ocrx_word' id='word_1_229' title='bbox 412 2549 456 2589; x_wconf 91' lang='lat' dir='ltr'><strong>in</strong></span> <span class='ocrx_word' id='word_1_230' title='bbox 484 2546 655 2589; x_wconf 82' lang='lat' dir='ltr'><strong>Italiam</strong></span> <span class='ocrx_word' id='word_1_231' title='bbox 678 2547 919 2601; x_wconf 85' lang='lat' dir='ltr'><strong>venissent,</strong></span> <span class='ocrx_word' id='word_1_232' title='bbox 954 2547 1128 2591; x_wconf 86' lang='lat' dir='ltr'><strong>sedibus</strong></span> <span class='ocrx_word' id='word_1_233' title='bbox 1163 2549 1359 2592; x_wconf 87' lang='lat' dir='ltr'><strong>Thuscos</strong></span> <span class='ocrx_word' id='word_1_234' title='bbox 1383 2566 1453 2591; x_wconf 88' lang='lat' dir='ltr'><strong>ex-</strong></span> 
     </span>
     <span class='ocr_line' id='line_1_31' title="bbox 84 2624 1454 2688; baseline -0.001 -17"><span class='ocrx_word' id='word_1_235' title='bbox 84 2626 318 2688; x_wconf 65' lang='lat' dir='ltr'><strong>pulerunt,</strong></span> <span class='ocrx_word' id='word_1_236' title='bbox 338 2637 380 2670; x_wconf 90' lang='lat' dir='ltr'><strong>et</strong></span> <span class='ocrx_word' id='word_1_237' title='bbox 398 2624 725 2682; x_wconf 82' lang='lat' dir='ltr'><strong>Mediolanum,</strong></span> <span class='ocrx_word' id='word_1_238' title='bbox 745 2627 958 2683; x_wconf 88' lang='lat' dir='ltr'><strong>Comum,</strong></span> <span class='ocrx_word' id='word_1_239' title='bbox 985 2627 1174 2671; x_wconf 82' lang='lat' dir='ltr'><strong>Brixiam</strong></span> <span class='ocrx_word' id='word_1_240' title='bbox 1188 2662 1199 2684; x_wconf 95' lang='lat'><strong>,</strong></span> <span class='ocrx_word' id='word_1_241' title='bbox 1219 2630 1454 2682; x_wconf 74' lang='lat' dir='ltr'><strong>Veronam,</strong></span> 
     </span>
    </p>
   </div>
   <div class='ocr_carea' id='block_1_3' title="bbox 273 2721 1261 2748">
    <p class='ocr_par' dir='ltr' id='par_1_4' title="bbox 273 2721 1261 2748">
     <span class='ocr_line' id='line_1_32' title="bbox 273 2721 1261 2748; baseline 0.001 -1"><span class='ocrx_word' id='word_1_242' title='bbox 273 2721 302 2747; x_wconf 89' lang='lat'><strong>1.</strong></span> <span class='ocrx_word' id='word_1_243' title='bbox 1211 2722 1261 2748; x_wconf 75' lang='lat'><strong>19.</strong></span> 
     </span>
    </p>
   </div>
  </div>
 </body>
</html>
