1783 3282
435 248 779 283 HISTORIARUM
809 249 896 282 LIB.
922 251 1020 284 vlit.
1367 263 1413 297 79

47 332 282 385 venissent,
310 331 439 373 variis
458 329 736 373 dilationibus
763 329 982 383 frustrati,
1007 331 1093 372 vim
1118 332 1246 391 regiae
1267 332 1413 392 majes-

49 411 148 453 tatis
181 410 406 463 timentes,
440 410 559 452 taciti
595 409 996 469 proficiscebantur.
1027 410 1131 451 Post
1160 410 1251 453 haec
1283 410 1414 471 Olyn-

44 490 157 532 thios
191 487 443 549 aggreditur
469 505 477 530 ε
507 498 764 548 receperant
794 489 909 531 enirn
938 503 1016 547 per
1044 488 1412 546 misericordiam,

46 577 144 626 post
171 566 331 610 caedem
360 567 513 621 unius,
538 567 645 610 duos
669 567 821 610 fratres
844 567 955 626 ejus,
979 582 1087 625 quos
1109 565 1336 625 Philippus
1364 585 1414 611 ex

45 661 227 688 noverca
252 645 420 705 genitos
437 679 448 698 ,
474 644 604 689 veluti
630 646 863 704 participes
891 645 1032 703 regni,
1058 644 1301 687 interficere
1331 663 1417 705 ges-

46 724 192 767 tiebat.
224 723 294 767 Ob
324 724 435 766 hanc
459 724 592 783 igitur
617 739 791 765 causam
810 723 962 765 urbem
988 723 1212 782 antiquam
1234 733 1277 766 et
1298 725 1418 767 nobi-

45 801 129 845 lem
149 801 378 857 exscindit,
404 811 446 844 et.
473 802 628 844 fratres
652 800 756 844 olim
781 800 997 844 destinato
1023 800 1238 860 supplicio
1263 802 1415 858 tradit,

47 880 276 939 praedaque
300 881 464 940 ingenti
487 881 649 939 pariter
671 889 714 923 et
734 879 957 939 parricidii
975 888 1076 922 voto
1097 880 1271 923 fruitur.
1289 881 1414 936 Inde,

44 959 166 1018 quasi
196 959 339 1001 omnia
373 974 468 1018 quae
498 959 700 1018 agitasset
727 959 893 1011 animo,
929 958 967 1000 ei
1001 957 1210 1013 licerent,
1243 961 1416 1003 auraria

46 1038 88 1079 in
108 1036 347 1093 Thessalia,
372 1038 539 1097 argenti
563 1036 734 1080 metalla
759 1037 801 1079 in
830 1036 1015 1079 Thracia
1045 1046 1242 1096 occupat.
1267 1040 1344 1092 Et,
1366 1055 1418 1081 ne

46 1115 163 1174 quod
193 1116 264 1174 jus
300 1114 366 1158 vel
391 1114 453 1158 fas
491 1115 747 1158 inviolatum
784 1115 1155 1174 praetermitteret,
1189 1117 1415 1175 piraticam

46 1210 220 1253 quoque
240 1210 439 1238 exercere
459 1194 660 1237 instituit.
687 1195 763 1237 His
787 1194 845 1236 ita
872 1195 1022 1253 gestis,
1051 1194 1161 1237 forte
1185 1196 1346 1249 evenit,
1370 1206 1419 1239 ut

45 1290 144 1317 eum
180 1273 335 1316 fratres
373 1273 480 1326 duo,
513 1289 634 1333 reges
667 1273 889 1327 Thraciae,
925 1288 1012 1315 non
1052 1272 1419 1332 contemplatione

43 1352 219 1412 justitiae
237 1352 353 1411 ejus,
379 1352 452 1395 sed
481 1352 666 1395 invicem
690 1360 953 1405 metuentes,
975 1367 1028 1393 ne
1051 1351 1230 1395 alterius
1253 1353 1419 1396 viribus

47 1431 292 1485 accederet,
313 1431 676 1491 disceptationum
694 1448 870 1475 suarum
888 1430 1079 1491 judicem
1095 1430 1316 1492 eligerent.
1337 1433 1420 1475 Sed

47 1510 295 1570 Philippus,
316 1527 437 1554 more
458 1511 617 1571 ingenii
650 1511 736 1566 sui,
760 1510 814 1553 ad
840 1510 1078 1570 judicium,
1102 1510 1237 1554 veluti
1260 1511 1313 1554 ad
1336 1511 1422 1555 bel-

49 1589 157 1644 lum,
185 1590 512 1648 inopinantibus
535 1588 767 1643 fratribus,
793 1589 1009 1632 instructo
1037 1590 1250 1643 exercitu,
1277 1606 1421 1649 super-

48 1668 186 1724 venit,
203 1678 245 1711 et
268 1685 402 1728 regno
427 1678 690 1727 utrumque,
714 1684 800 1711 non
823 1668 984 1727 judicis
1011 1685 1150 1724 more,
1174 1668 1248 1711 sed
1269 1668 1421 1712 fraude

49 1746 227 1790 latronis
255 1764 304 1791 ac
333 1747 492 1791 scelere
517 1747 730 1808 spoliavit.

109 1828 185 1869 IV.
204 1829 321 1870 Dum
345 1827 436 1869 haec
458 1837 667 1887 aguntur,
692 1826 818 1887 legati
842 1828 1196 1881 Atheniensium,
1226 1837 1420 1888 petentes

48 1921 217 1965 pacem,
243 1905 295 1948 ad
322 1922 420 1948 eum
445 1916 673 1948 venerunt.
699 1906 872 1962 Quibus
900 1906 1081 1962 auditis,
1109 1916 1151 1949 et
1181 1908 1272 1966 ipse
1312 1906 1424 1967 lega-

50 1995 114 2028 tos
137 1985 328 2028 Athenas
357 2001 456 2028 cum
490 1986 606 2045 pacis
643 1986 969 2030 conditionibus
1004 1987 1120 2030 misit
1152 2004 1161 2030 :
1190 1987 1337 2046 ibique
1371 2003 1422 2030 ex

50 2064 279 2107 commodo
295 2074 584 2124 utrorumque
604 2081 687 2124 pax
711 2065 837 2109 facta.
859 2068 923 2109 Ex
943 2066 1095 2109 ceteris
1114 2082 1286 2125 quoque
1300 2068 1422 2109 Grae-

48 2144 124 2185 ciae
154 2143 425 2199 civitatibus,
454 2160 543 2186 non
568 2144 685 2203 pacis
714 2160 886 2199 amore,
920 2145 994 2188 sed
1024 2143 1126 2187 belli
1157 2154 1277 2187 metu
1310 2144 1425 2205 lega-

51 2223 188 2264 tiones
213 2239 395 2266 venere:
416 2222 652 2282 siquidem,
679 2223 962 2267 crudescente
990 2225 1073 2280 ira,
1093 2223 1286 2268 Thessali
1305 2227 1426 2268 Boeo-

51 2301 186 2360 tiique
212 2311 356 2357 orant,
389 2312 437 2345 ut
472 2302 714 2362 professum
741 2320 785 2346 se
816 2303 1046 2346 adversum
1073 2303 1315 2346 Phocenses
1347 2303 1424 2346 du-

52 2395 145 2422 cem
165 2381 344 2422 Graeciae
369 2381 570 2425 exhibeat
590 2399 600 2425 ε
620 2391 743 2425 tanto
765 2382 866 2425 odio
889 2383 1181 2426 Phocensium
1205 2382 1424 2439 ardentes,

53 2468 118 2514 ut,
143 2457 265 2501 obliti
296 2458 484 2503 cladium
518 2477 694 2505 suarum
711 2495 722 2516 ,
747 2462 889 2521 perire
924 2462 1027 2522 ipsi,
1054 2478 1185 2521 quam
1216 2478 1301 2504 non
1328 2478 1427 2521 per-

53 2538 154 2581 dere
182 2554 253 2581 eos
281 2548 599 2598 praeoptarent3
631 2550 941 2600 expertamque
971 2540 1163 2601 Philippi
1196 2541 1427 2585 crudelita-

54 2626 139 2660 tem
165 2618 274 2676 pati,
309 2634 438 2676 quam
470 2634 646 2676 parcere
683 2619 881 2662 hostibus
914 2621 1002 2663 suis
1041 2619 1232 2663 mallent.
1263 2622 1426 2664 Contra
