<?xml version="1.0" encoding="UTF-8"?>
<!DOCTYPE html PUBLIC "-//W3C//DTD XHTML 1.0 Transitional//EN"
    "http://www.w3.org/TR/xhtml1/DTD/xhtml1-transitional.dtd">
<html xmlns="http://www.w3.org/1999/xhtml" xml:lang="en" lang="en">
 <head>
  <title>
</title>
<meta http-equiv="Content-Type" content="text/html;charset=utf-8" />
  <meta name='ocr-system' content='tesseract 3.04.00' />
  <meta name='ocr-capabilities' content='ocr_page ocr_carea ocr_par ocr_line ocrx_word'/>
</head>
<body>
  <div class='ocr_page' id='page_1' title='image "./historiarumphili01justuoft_0025.png"; bbox 0 0 1783 3282; ppageno 0'>
   <div class='ocr_carea' id='block_1_1' title="bbox 515 267 1456 309">
    <p class='ocr_par' dir='ltr' id='par_1_1' title="bbox 515 267 1456 309">
     <span class='ocr_line' id='line_1_1' title="bbox 515 267 1456 309; baseline -0.004 -7"><span class='ocrx_word' id='word_1_1' title='bbox 515 267 859 303; x_wconf 83' lang='lat' dir='ltr'><strong>HISTORIARUM</strong></span> <span class='ocrx_word' id='word_1_2' title='bbox 889 268 976 300; x_wconf 91' lang='lat' dir='ltr'>LIB.</span> <span class='ocrx_word' id='word_1_3' title='bbox 1009 269 1033 301; x_wconf 89' lang='grc' dir='ltr'>Ι.</span> <span class='ocrx_word' id='word_1_4' title='bbox 1440 279 1456 309; x_wconf 79' lang='lat'>7</span> 
     </span>
    </p>
   </div>
   <div class='ocr_carea' id='block_1_2' title="bbox 92 350 1473 2709">
    <p class='ocr_par' dir='ltr' id='par_1_2' title="bbox 92 350 1473 2471">
     <span class='ocr_line' id='line_1_2' title="bbox 158 350 1461 410; baseline -0.002 -14"><span class='ocrx_word' id='word_1_5' title='bbox 158 355 213 396; x_wconf 87' lang='lat' dir='ltr'>V.</span> <span class='ocrx_word' id='word_1_6' title='bbox 245 356 355 396; x_wconf 88' lang='lat' dir='ltr'>Puer</span> <span class='ocrx_word' id='word_1_7' title='bbox 376 350 531 394; x_wconf 90' lang='lat' dir='ltr'>deinde</span> <span class='ocrx_word' id='word_1_8' title='bbox 554 367 689 409; x_wconf 90' lang='lat' dir='ltr'>quum</span> <span class='ocrx_word' id='word_1_9' title='bbox 727 350 837 392; x_wconf 85' lang='lat' dir='ltr'>inter</span> <span class='ocrx_word' id='word_1_10' title='bbox 863 358 1057 408; x_wconf 89' lang='lat' dir='ltr'>pastores</span> <span class='ocrx_word' id='word_1_11' title='bbox 1092 359 1219 403; x_wconf 86' lang='lat' dir='ltr'>esset,</span> <span class='ocrx_word' id='word_1_12' title='bbox 1247 352 1348 410; x_wconf 86' lang='lat' dir='ltr'>Cyri</span> <span class='ocrx_word' id='word_1_13' title='bbox 1384 367 1461 394; x_wconf 86' lang='lat' dir='ltr'>no-</span> 
     </span>
     <span class='ocr_line' id='line_1_3' title="bbox 97 427 1462 490; baseline -0.001 -16"><span class='ocrx_word' id='word_1_14' title='bbox 97 447 196 474; x_wconf 90' lang='lat' dir='ltr'>men</span> <span class='ocrx_word' id='word_1_15' title='bbox 234 430 414 490; x_wconf 87' lang='lat' dir='ltr'>accepit.</span> <span class='ocrx_word' id='word_1_16' title='bbox 455 431 559 472; x_wconf 82' lang='lat' dir='ltr'>Mox</span> <span class='ocrx_word' id='word_1_17' title='bbox 603 446 676 472; x_wconf 83' lang='lat' dir='ltr'>rex</span> <span class='ocrx_word' id='word_1_18' title='bbox 713 430 827 472; x_wconf 88' lang='lat' dir='ltr'>inter</span> <span class='ocrx_word' id='word_1_19' title='bbox 865 427 1063 471; x_wconf 90' lang='lat' dir='ltr'>ludentes</span> <span class='ocrx_word' id='word_1_20' title='bbox 1099 438 1215 471; x_wconf 88' lang='lat' dir='ltr'>sorte</span> <span class='ocrx_word' id='word_1_21' title='bbox 1249 428 1462 485; x_wconf 86' lang='lat' dir='ltr'>delectus,</span> 
     </span>
     <span class='ocr_line' id='line_1_4' title="bbox 95 504 1465 569; baseline 0 -17"><span class='ocrx_word' id='word_1_22' title='bbox 95 526 231 569; x_wconf 92' lang='lat' dir='ltr'>quum</span> <span class='ocrx_word' id='word_1_23' title='bbox 271 525 349 568; x_wconf 92' lang='lat' dir='ltr'>per</span> <span class='ocrx_word' id='word_1_24' title='bbox 386 507 605 551; x_wconf 81' lang='lat' dir='ltr'>lasciviam</span> <span class='ocrx_word' id='word_1_25' title='bbox 642 517 918 551; x_wconf 89' lang='lat' dir='ltr'>contumaces</span> <span class='ocrx_word' id='word_1_26' title='bbox 949 504 1128 567; x_wconf 83' lang='lat' dir='ltr'>flagellis</span> <span class='ocrx_word' id='word_1_27' title='bbox 1162 506 1402 564; x_wconf 87' lang='lat' dir='ltr'><strong>cecidisset,</strong></span> <span class='ocrx_word' id='word_1_28' title='bbox 1441 526 1465 552; x_wconf 91' lang='lat' dir='ltr'>a</span> 
     </span>
     <span class='ocr_line' id='line_1_5' title="bbox 96 585 1466 648; baseline -0.001 -16"><span class='ocrx_word' id='word_1_29' title='bbox 96 589 349 648; x_wconf 87' lang='lat' dir='ltr'>parentibus</span> <span class='ocrx_word' id='word_1_30' title='bbox 379 604 617 648; x_wconf 89' lang='lat' dir='ltr'>puerorum</span> <span class='ocrx_word' id='word_1_31' title='bbox 639 587 815 647; x_wconf 89' lang='lat' dir='ltr'>querela</span> <span class='ocrx_word' id='word_1_32' title='bbox 841 597 907 630; x_wconf 90' lang='lat' dir='ltr'>est</span> <span class='ocrx_word' id='word_1_33' title='bbox 933 587 1024 647; x_wconf 86' lang='lat' dir='ltr'>regi</span> <span class='ocrx_word' id='word_1_34' title='bbox 1049 585 1212 641; x_wconf 87' lang='lat' dir='ltr'>delata,</span> <span class='ocrx_word' id='word_1_35' title='bbox 1235 585 1466 646; x_wconf 84' lang='lat' dir='ltr'>indignan-</span> 
     </span>
     <span class='ocr_line' id='line_1_6' title="bbox 97 663 1467 728; baseline -0.001 -17"><span class='ocrx_word' id='word_1_36' title='bbox 97 668 230 723; x_wconf 84' lang='lat' dir='ltr'>tibus,</span> <span class='ocrx_word' id='word_1_37' title='bbox 254 684 279 711; x_wconf 92' lang='lat' dir='ltr'>a</span> <span class='ocrx_word' id='word_1_38' title='bbox 308 684 432 711; x_wconf 90' lang='lat' dir='ltr'>servo</span> <span class='ocrx_word' id='word_1_39' title='bbox 461 668 580 728; x_wconf 84' lang='lat' dir='ltr'>regio</span> <span class='ocrx_word' id='word_1_40' title='bbox 606 668 815 727; x_wconf 85' lang='lat' dir='ltr'>ingenuos</span> <span class='ocrx_word' id='word_1_41' title='bbox 840 667 1039 710; x_wconf 91' lang='lat' dir='ltr'>homines</span> <span class='ocrx_word' id='word_1_42' title='bbox 1067 663 1295 709; x_wconf 88' lang='lat' dir='ltr'>servilibus</span> <span class='ocrx_word' id='word_1_43' title='bbox 1317 666 1467 709; x_wconf 88' lang='lat' dir='ltr'>verbe-</span> 
     </span>
     <span class='ocr_line' id='line_1_7' title="bbox 95 746 1467 807; baseline -0.002 -16"><span class='ocrx_word' id='word_1_44' title='bbox 95 748 214 792; x_wconf 84' lang='lat' dir='ltr'>ribus</span> <span class='ocrx_word' id='word_1_45' title='bbox 237 747 426 791; x_wconf 84' lang='lat' dir='ltr'>affectos.</span> <span class='ocrx_word' id='word_1_46' title='bbox 454 746 533 791; x_wconf 92' lang='lat' dir='ltr'>Ille</span> <span class='ocrx_word' id='word_1_47' title='bbox 555 747 758 791; x_wconf 82' lang='lat' dir='ltr'>arcessito</span> <span class='ocrx_word' id='word_1_48' title='bbox 776 762 913 807; x_wconf 90' lang='lat' dir='ltr'>puero</span> <span class='ocrx_word' id='word_1_49' title='bbox 933 755 975 788; x_wconf 86' lang='lat' dir='ltr'>et</span> <span class='ocrx_word' id='word_1_50' title='bbox 999 746 1287 805; x_wconf 87' lang='lat' dir='ltr'>interrogato,</span> <span class='ocrx_word' id='word_1_51' title='bbox 1311 761 1467 804; x_wconf 86' lang='lat' dir='ltr'>quum,</span> 
     </span>
     <span class='ocr_line' id='line_1_8' title="bbox 96 823 1469 886; baseline -0.002 -16"><span class='ocrx_word' id='word_1_52' title='bbox 96 826 203 870; x_wconf 86' lang='lat' dir='ltr'>nihil</span> <span class='ocrx_word' id='word_1_53' title='bbox 233 837 401 870; x_wconf 91' lang='lat' dir='ltr'>mutato</span> <span class='ocrx_word' id='word_1_54' title='bbox 430 826 580 882; x_wconf 90' lang='lat' dir='ltr'>vultu,</span> <span class='ocrx_word' id='word_1_55' title='bbox 606 827 812 870; x_wconf 84' lang='lat' dir='ltr'>«Fecisse</span> <span class='ocrx_word' id='word_1_56' title='bbox 838 843 882 869; x_wconf 87' lang='lat' dir='ltr'>se</span> <span class='ocrx_word' id='word_1_57' title='bbox 908 835 957 869; x_wconf 90' lang='lat' dir='ltr'>ut</span> <span class='ocrx_word' id='word_1_58' title='bbox 985 841 1150 886; x_wconf 84' lang='lat' dir='ltr'>regem,</span> <span class='ocrx_word' id='word_1_59' title='bbox 1173 843 1193 864; x_wconf 87' lang='lat'>›&gt;</span> <span class='ocrx_word' id='word_1_60' title='bbox 1221 823 1469 883; x_wconf 90' lang='lat' dir='ltr'>respondis-</span> 
     </span>
     <span class='ocr_line' id='line_1_9' title="bbox 96 903 1470 962; baseline -0.003 -13"><span class='ocrx_word' id='word_1_61' title='bbox 96 915 180 962; x_wconf 85' lang='lat' dir='ltr'>set,</span> <span class='ocrx_word' id='word_1_62' title='bbox 208 905 446 949; x_wconf 88' lang='lat' dir='ltr'>admiratus</span> <span class='ocrx_word' id='word_1_63' title='bbox 479 906 795 960; x_wconf 81' lang='lat' dir='ltr'>constantiam,</span> <span class='ocrx_word' id='word_1_64' title='bbox 818 906 863 948; x_wconf 93' lang='lat' dir='ltr'>in</span> <span class='ocrx_word' id='word_1_65' title='bbox 898 904 1155 947; x_wconf 85' lang='lat' dir='ltr'>memoriam</span> <span class='ocrx_word' id='word_1_66' title='bbox 1192 903 1350 946; x_wconf 89' lang='lat' dir='ltr'>somnii</span> <span class='ocrx_word' id='word_1_67' title='bbox 1384 919 1470 946; x_wconf 89' lang='lat' dir='ltr'>res-</span> 
     </span>
     <span class='ocr_line' id='line_1_10' title="bbox 96 980 1470 1044; baseline -0.004 -15"><span class='ocrx_word' id='word_1_68' title='bbox 96 985 309 1044; x_wconf 89' lang='lat' dir='ltr'>ponsique</span> <span class='ocrx_word' id='word_1_69' title='bbox 339 994 581 1029; x_wconf 85' lang='lat' dir='ltr'>revocatur.</span> <span class='ocrx_word' id='word_1_70' title='bbox 614 986 757 1044; x_wconf 89' lang='lat' dir='ltr'>Atque</span> <span class='ocrx_word' id='word_1_71' title='bbox 795 985 854 1027; x_wconf 88' lang='lat' dir='ltr'>ita</span> <span class='ocrx_word' id='word_1_72' title='bbox 893 1000 1028 1043; x_wconf 89' lang='lat' dir='ltr'>quum</span> <span class='ocrx_word' id='word_1_73' title='bbox 1062 992 1105 1026; x_wconf 90' lang='lat' dir='ltr'>et</span> <span class='ocrx_word' id='word_1_74' title='bbox 1136 981 1282 1026; x_wconf 88' lang='lat' dir='ltr'>vultus</span> <span class='ocrx_word' id='word_1_75' title='bbox 1319 980 1470 1025; x_wconf 87' lang='lat' dir='ltr'>simili-</span> 
     </span>
     <span class='ocr_line' id='line_1_11' title="bbox 97 1061 1470 1124; baseline -0.002 -18"><span class='ocrx_word' id='word_1_76' title='bbox 97 1063 201 1107; x_wconf 90' lang='lat' dir='ltr'>tudo</span> <span class='ocrx_word' id='word_1_77' title='bbox 217 1098 228 1119; x_wconf 94' lang='lat'>,</span> <span class='ocrx_word' id='word_1_78' title='bbox 243 1073 286 1107; x_wconf 90' lang='lat' dir='ltr'>et</span> <span class='ocrx_word' id='word_1_79' title='bbox 308 1065 591 1124; x_wconf 85' lang='lat' dir='ltr'>expositionis</span> <span class='ocrx_word' id='word_1_80' title='bbox 614 1073 837 1123; x_wconf 85' lang='lat' dir='ltr'>tempora,</span> <span class='ocrx_word' id='word_1_81' title='bbox 861 1073 904 1106; x_wconf 88' lang='lat' dir='ltr'>et</span> <span class='ocrx_word' id='word_1_82' title='bbox 926 1062 1110 1123; x_wconf 86' lang='lat' dir='ltr'>pastoris</span> <span class='ocrx_word' id='word_1_83' title='bbox 1132 1061 1344 1105; x_wconf 87' lang='lat' dir='ltr'>confessio</span> <span class='ocrx_word' id='word_1_84' title='bbox 1366 1077 1470 1104; x_wconf 90' lang='lat' dir='ltr'>con-</span> 
     </span>
     <span class='ocr_line' id='line_1_12' title="bbox 95 1140 1470 1203; baseline -0.001 -18"><span class='ocrx_word' id='word_1_85' title='bbox 95 1144 313 1198; x_wconf 90' lang='lat' dir='ltr'>venirent,</span> <span class='ocrx_word' id='word_1_86' title='bbox 340 1153 545 1203; x_wconf 85' lang='lat' dir='ltr'>nepotem</span> <span class='ocrx_word' id='word_1_87' title='bbox 579 1143 771 1203; x_wconf 83' lang='lat' dir='ltr'>agnovit.</span> <span class='ocrx_word' id='word_1_88' title='bbox 807 1145 863 1186; x_wconf 90' lang='lat' dir='ltr'>Et</span> <span class='ocrx_word' id='word_1_89' title='bbox 891 1143 1098 1201; x_wconf 90' lang='lat' dir='ltr'>quoniam</span> <span class='ocrx_word' id='word_1_90' title='bbox 1128 1141 1360 1185; x_wconf 90' lang='lat' dir='ltr'>defunctus</span> <span class='ocrx_word' id='word_1_91' title='bbox 1389 1140 1470 1184; x_wconf 91' lang='lat' dir='ltr'>sibi</span> 
     </span>
     <span class='ocr_line' id='line_1_13' title="bbox 96 1221 1470 1282; baseline -0.001 -17"><span class='ocrx_word' id='word_1_92' title='bbox 96 1223 267 1266; x_wconf 90' lang='lat' dir='ltr'>somnio</span> <span class='ocrx_word' id='word_1_93' title='bbox 292 1222 528 1277; x_wconf 87' lang='lat' dir='ltr'>videretur,</span> <span class='ocrx_word' id='word_1_94' title='bbox 551 1221 715 1282; x_wconf 82' lang='lat' dir='ltr'>agitato</span> <span class='ocrx_word' id='word_1_95' title='bbox 738 1221 852 1264; x_wconf 88' lang='lat' dir='ltr'>inter</span> <span class='ocrx_word' id='word_1_96' title='bbox 876 1230 1069 1281; x_wconf 89' lang='lat' dir='ltr'>pastores</span> <span class='ocrx_word' id='word_1_97' title='bbox 1091 1237 1253 1281; x_wconf 87' lang='lat' dir='ltr'>regno,</span> <span class='ocrx_word' id='word_1_98' title='bbox 1275 1222 1470 1264; x_wconf 88' lang='lat' dir='ltr'>animum</span> 
     </span>
     <span class='ocr_line' id='line_1_14' title="bbox 98 1299 1471 1361; baseline -0.001 -17"><span class='ocrx_word' id='word_1_99' title='bbox 98 1302 314 1344; x_wconf 85' lang='lat' dir='ltr'>minacem</span> <span class='ocrx_word' id='word_1_100' title='bbox 360 1301 572 1344; x_wconf 83' lang='lat' dir='ltr'>duntaxat</span> <span class='ocrx_word' id='word_1_101' title='bbox 618 1301 662 1344; x_wconf 92' lang='lat' dir='ltr'>in</span> <span class='ocrx_word' id='word_1_102' title='bbox 707 1299 782 1343; x_wconf 92' lang='lat' dir='ltr'>illo</span> <span class='ocrx_word' id='word_1_103' title='bbox 826 1300 968 1361; x_wconf 85' lang='lat' dir='ltr'>fregit.</span> <span class='ocrx_word' id='word_1_104' title='bbox 1012 1302 1220 1345; x_wconf 88' lang='lat' dir='ltr'>Ceterum</span> <span class='ocrx_word' id='word_1_105' title='bbox 1265 1302 1471 1360; x_wconf 84' lang='lat' dir='ltr'>Harpago</span> 
     </span>
     <span class='ocr_line' id='line_1_15' title="bbox 94 1378 1471 1439; baseline -0.001 -15"><span class='ocrx_word' id='word_1_106' title='bbox 94 1382 234 1424; x_wconf 86' lang='lat' dir='ltr'>amico</span> <span class='ocrx_word' id='word_1_107' title='bbox 265 1397 344 1423; x_wconf 89' lang='lat' dir='ltr'>suo</span> <span class='ocrx_word' id='word_1_108' title='bbox 373 1380 572 1436; x_wconf 89' lang='lat' dir='ltr'>infestus,</span> <span class='ocrx_word' id='word_1_109' title='bbox 599 1381 645 1423; x_wconf 92' lang='lat' dir='ltr'>in</span> <span class='ocrx_word' id='word_1_110' title='bbox 683 1378 896 1423; x_wconf 90' lang='lat' dir='ltr'>ultionem</span> <span class='ocrx_word' id='word_1_111' title='bbox 925 1380 1085 1423; x_wconf 90' lang='lat' dir='ltr'>servati</span> <span class='ocrx_word' id='word_1_112' title='bbox 1119 1380 1309 1439; x_wconf 86' lang='lat' dir='ltr'>nepotis,</span> <span class='ocrx_word' id='word_1_113' title='bbox 1333 1378 1471 1422; x_wconf 87' lang='lat' dir='ltr'>filiurn</span> 
     </span>
     <span class='ocr_line' id='line_1_16' title="bbox 94 1457 1473 1520; baseline -0.001 -17"><span class='ocrx_word' id='word_1_114' title='bbox 94 1460 185 1519; x_wconf 89' lang='lat' dir='ltr'>ejus</span> <span class='ocrx_word' id='word_1_115' title='bbox 209 1459 449 1515; x_wconf 83' lang='lat' dir='ltr'>interfecit,</span> <span class='ocrx_word' id='word_1_116' title='bbox 470 1458 826 1520; x_wconf 90' lang='lat' dir='ltr'>epulandumque</span> <span class='ocrx_word' id='word_1_117' title='bbox 846 1459 960 1520; x_wconf 89' lang='lat' dir='ltr'>patri</span> <span class='ocrx_word' id='word_1_118' title='bbox 985 1457 1176 1502; x_wconf 83' lang='lat' dir='ltr'>tradidit.</span> <span class='ocrx_word' id='word_1_119' title='bbox 1203 1458 1286 1502; x_wconf 85' lang='lat' dir='ltr'>Sed</span> <span class='ocrx_word' id='word_1_120' title='bbox 1305 1461 1473 1519; x_wconf 89' lang='lat' dir='ltr'>Harpa-</span> 
     </span>
     <span class='ocr_line' id='line_1_17' title="bbox 95 1537 1472 1599; baseline 0 -17"><span class='ocrx_word' id='word_1_121' title='bbox 95 1556 175 1599; x_wconf 82' lang='lat' dir='ltr'>gus</span> <span class='ocrx_word' id='word_1_122' title='bbox 202 1538 257 1582; x_wconf 89' lang='lat' dir='ltr'>ad</span> <span class='ocrx_word' id='word_1_123' title='bbox 283 1555 470 1599; x_wconf 82' lang='lat' dir='ltr'>praesens</span> <span class='ocrx_word' id='word_1_124' title='bbox 496 1548 668 1599; x_wconf 92' lang='lat' dir='ltr'>tempus</span> <span class='ocrx_word' id='word_1_125' title='bbox 690 1537 961 1582; x_wconf 90' lang='lat' dir='ltr'>dissimulato</span> <span class='ocrx_word' id='word_1_126' title='bbox 983 1537 1158 1594; x_wconf 92' lang='lat' dir='ltr'>dolore,</span> <span class='ocrx_word' id='word_1_127' title='bbox 1183 1537 1334 1581; x_wconf 91' lang='lat' dir='ltr'>odium</span> <span class='ocrx_word' id='word_1_128' title='bbox 1358 1540 1472 1599; x_wconf 85' lang='lat' dir='ltr'>regis</span> 
     </span>
     <span class='ocr_line' id='line_1_18' title="bbox 95 1616 1471 1677; baseline 0.001 -17"><span class='ocrx_word' id='word_1_129' title='bbox 95 1619 139 1661; x_wconf 93' lang='lat' dir='ltr'>in</span> <span class='ocrx_word' id='word_1_130' title='bbox 167 1618 368 1662; x_wconf 87' lang='lat' dir='ltr'>vindictae</span> <span class='ocrx_word' id='word_1_131' title='bbox 398 1618 670 1661; x_wconf 87' lang='lat' dir='ltr'>occasionem</span> <span class='ocrx_word' id='word_1_132' title='bbox 703 1616 886 1662; x_wconf 86' lang='lat' dir='ltr'>distulit.</span> <span class='ocrx_word' id='word_1_133' title='bbox 916 1617 1152 1677; x_wconf 88' lang='lat' dir='ltr'>Interjecto</span> <span class='ocrx_word' id='word_1_134' title='bbox 1175 1617 1333 1660; x_wconf 91' lang='lat' dir='ltr'>deinde</span> <span class='ocrx_word' id='word_1_135' title='bbox 1363 1626 1471 1661; x_wconf 86' lang='lat' dir='ltr'>tem-</span> 
     </span>
     <span class='ocr_line' id='line_1_19' title="bbox 96 1695 1471 1758; baseline -0.001 -17"><span class='ocrx_word' id='word_1_136' title='bbox 96 1714 223 1757; x_wconf 88' lang='lat' dir='ltr'>pore,</span> <span class='ocrx_word' id='word_1_137' title='bbox 253 1714 389 1758; x_wconf 91' lang='lat' dir='ltr'>quum</span> <span class='ocrx_word' id='word_1_138' title='bbox 412 1696 668 1741; x_wconf 85' lang='lat' dir='ltr'>adolevisset</span> <span class='ocrx_word' id='word_1_139' title='bbox 692 1695 1025 1757; x_wconf 89' lang='lat' dir='ltr'>Cyrus,.dolore</span> <span class='ocrx_word' id='word_1_140' title='bbox 1048 1697 1246 1740; x_wconf 91' lang='lat' dir='ltr'>orbitatis</span> <span class='ocrx_word' id='word_1_141' title='bbox 1273 1697 1471 1740; x_wconf 91' lang='lat' dir='ltr'>admoni-</span> 
     </span>
     <span class='ocr_line' id='line_1_20' title="bbox 96 1775 1471 1836; baseline 0 -16"><span class='ocrx_word' id='word_1_142' title='bbox 96 1787 184 1832; x_wconf 90' lang='lat' dir='ltr'>tus,</span> <span class='ocrx_word' id='word_1_143' title='bbox 213 1777 364 1820; x_wconf 87' lang='lat' dir='ltr'>scribit</span> <span class='ocrx_word' id='word_1_144' title='bbox 391 1777 430 1820; x_wconf 93' lang='lat' dir='ltr'>ei</span> <span class='ocrx_word' id='word_1_145' title='bbox 456 1794 466 1820; x_wconf 90' lang='lat'>:</span> <span class='ocrx_word' id='word_1_146' title='bbox 490 1795 511 1817; x_wconf 80' lang='grc' dir='ltr'>(ε</span> <span class='ocrx_word' id='word_1_147' title='bbox 533 1779 594 1820; x_wconf 91' lang='lat' dir='ltr'>Ut</span> <span class='ocrx_word' id='word_1_148' title='bbox 619 1775 842 1836; x_wconf 86' lang='lat' dir='ltr'>ablegatus</span> <span class='ocrx_word' id='word_1_149' title='bbox 868 1777 912 1819; x_wconf 88' lang='lat' dir='ltr'>in</span> <span class='ocrx_word' id='word_1_150' title='bbox 942 1778 1094 1819; x_wconf 85' lang='lat' dir='ltr'>Persas</span> <span class='ocrx_word' id='word_1_151' title='bbox 1123 1777 1176 1819; x_wconf 90' lang='lat' dir='ltr'>ab</span> <span class='ocrx_word' id='word_1_152' title='bbox 1199 1793 1280 1819; x_wconf 90' lang='lat' dir='ltr'>avo</span> <span class='ocrx_word' id='word_1_153' title='bbox 1306 1776 1437 1820; x_wconf 85' lang='lat' dir='ltr'>fuerit</span> <span class='ocrx_word' id='word_1_154' title='bbox 1463 1795 1471 1820; x_wconf 91' lang='lat'>:</span> 
     </span>
     <span class='ocr_line' id='line_1_21' title="bbox 94 1853 1471 1915; baseline 0 -16"><span class='ocrx_word' id='word_1_155' title='bbox 94 1864 141 1899; x_wconf 89' lang='lat' dir='ltr'>ut</span> <span class='ocrx_word' id='word_1_156' title='bbox 165 1855 305 1899; x_wconf 91' lang='lat' dir='ltr'>occidi</span> <span class='ocrx_word' id='word_1_157' title='bbox 330 1872 430 1899; x_wconf 92' lang='lat' dir='ltr'>eum</span> <span class='ocrx_word' id='word_1_158' title='bbox 456 1853 690 1915; x_wconf 90' lang='lat' dir='ltr'>parvulum</span> <span class='ocrx_word' id='word_1_159' title='bbox 719 1871 824 1898; x_wconf 89' lang='lat' dir='ltr'>avus</span> <span class='ocrx_word' id='word_1_160' title='bbox 842 1855 1022 1915; x_wconf 86' lang='lat' dir='ltr'>jusserit</span> <span class='ocrx_word' id='word_1_161' title='bbox 1045 1872 1055 1898; x_wconf 87' lang='lat'>:</span> <span class='ocrx_word' id='word_1_162' title='bbox 1080 1864 1129 1898; x_wconf 89' lang='lat' dir='ltr'>ut</span> <span class='ocrx_word' id='word_1_163' title='bbox 1152 1855 1362 1899; x_wconf 89' lang='lat' dir='ltr'>beneficio</span> <span class='ocrx_word' id='word_1_164' title='bbox 1393 1872 1471 1899; x_wconf 86' lang='lat' dir='ltr'>suo</span> 
     </span>
     <span class='ocr_line' id='line_1_22' title="bbox 93 1933 1471 1996; baseline 0 -18"><span class='ocrx_word' id='word_1_165' title='bbox 93 1944 290 1978; x_wconf 88' lang='lat' dir='ltr'>servatus</span> <span class='ocrx_word' id='word_1_166' title='bbox 318 1935 374 1978; x_wconf 92' lang='lat' dir='ltr'>sit</span> <span class='ocrx_word' id='word_1_167' title='bbox 397 1951 406 1978; x_wconf 74' lang='grc' dir='ltr'>ε</span> <span class='ocrx_word' id='word_1_168' title='bbox 432 1943 480 1977; x_wconf 89' lang='lat' dir='ltr'>ut</span> <span class='ocrx_word' id='word_1_169' title='bbox 506 1950 653 1996; x_wconf 84' lang='lat' dir='ltr'>regem</span> <span class='ocrx_word' id='word_1_170' title='bbox 679 1933 912 1978; x_wconf 89' lang='lat' dir='ltr'>offenderit</span> <span class='ocrx_word' id='word_1_171' title='bbox 941 1951 950 1978; x_wconf 78' lang='grc' dir='ltr'>ε</span> <span class='ocrx_word' id='word_1_172' title='bbox 977 1943 1025 1978; x_wconf 91' lang='lat' dir='ltr'>ut</span> <span class='ocrx_word' id='word_1_173' title='bbox 1046 1933 1186 1978; x_wconf 91' lang='lat' dir='ltr'>filium</span> <span class='ocrx_word' id='word_1_174' title='bbox 1215 1936 1424 1978; x_wconf 86' lang='lat' dir='ltr'>amiserit.</span> <span class='ocrx_word' id='word_1_175' title='bbox 1452 1956 1471 1977; x_wconf 85' lang='lat'>»</span> 
     </span>
     <span class='ocr_line' id='line_1_23' title="bbox 93 2014 1470 2075; baseline -0.001 -17"><span class='ocrx_word' id='word_1_176' title='bbox 93 2017 322 2070; x_wconf 85' lang='lat' dir='ltr'>Hortatur,</span> <span class='ocrx_word' id='word_1_177' title='bbox 362 2033 382 2054; x_wconf 88' lang='lat'>«</span> <span class='ocrx_word' id='word_1_178' title='bbox 411 2014 663 2058; x_wconf 86' lang='lat' dir='ltr'>Exercitum</span> <span class='ocrx_word' id='word_1_179' title='bbox 700 2022 844 2074; x_wconf 91' lang='lat' dir='ltr'>paret,</span> <span class='ocrx_word' id='word_1_180' title='bbox 887 2024 931 2057; x_wconf 90' lang='lat' dir='ltr'>et</span> <span class='ocrx_word' id='word_1_181' title='bbox 973 2029 1158 2074; x_wconf 89' lang='lat' dir='ltr'>pronam</span> <span class='ocrx_word' id='word_1_182' title='bbox 1194 2014 1249 2057; x_wconf 88' lang='lat' dir='ltr'>ad</span> <span class='ocrx_word' id='word_1_183' title='bbox 1286 2031 1470 2075; x_wconf 84' lang='lat' dir='ltr'>regnum</span> 
     </span>
     <span class='ocr_line' id='line_1_24' title="bbox 92 2092 1469 2154; baseline 0.001 -18"><span class='ocrx_word' id='word_1_184' title='bbox 92 2094 209 2137; x_wconf 88' lang='lat' dir='ltr'>viam</span> <span class='ocrx_word' id='word_1_185' title='bbox 247 2092 534 2154; x_wconf 86' lang='lat' dir='ltr'>ingrediatur,</span> <span class='ocrx_word' id='word_1_186' title='bbox 567 2113 588 2134; x_wconf 87' lang='lat'>»</span> <span class='ocrx_word' id='word_1_187' title='bbox 621 2093 855 2137; x_wconf 88' lang='lat' dir='ltr'>Medorum</span> <span class='ocrx_word' id='word_1_188' title='bbox 893 2094 1195 2137; x_wconf 87' lang='lat' dir='ltr'>transitionem</span> <span class='ocrx_word' id='word_1_189' title='bbox 1236 2092 1469 2154; x_wconf 87' lang='lat' dir='ltr'>pollicitus.</span> 
     </span>
     <span class='ocr_line' id='line_1_25' title="bbox 93 2171 1471 2233; baseline 0 -17"><span class='ocrx_word' id='word_1_190' title='bbox 93 2171 306 2232; x_wconf 87' lang='lat' dir='ltr'>Epistola,</span> <span class='ocrx_word' id='word_1_191' title='bbox 340 2173 442 2233; x_wconf 91' lang='lat' dir='ltr'>quia</span> <span class='ocrx_word' id='word_1_192' title='bbox 480 2172 624 2233; x_wconf 92' lang='lat' dir='ltr'>palam</span> <span class='ocrx_word' id='word_1_193' title='bbox 663 2173 767 2216; x_wconf 89' lang='lat' dir='ltr'>ferri</span> <span class='ocrx_word' id='word_1_194' title='bbox 807 2173 1035 2232; x_wconf 90' lang='lat' dir='ltr'>nequibat,</span> <span class='ocrx_word' id='word_1_195' title='bbox 1073 2189 1119 2216; x_wconf 91' lang='lat' dir='ltr'>re</span> <span class='ocrx_word' id='word_1_196' title='bbox 1151 2172 1186 2216; x_wconf 91' lang='lat' dir='ltr'>is</span> <span class='ocrx_word' id='word_1_197' title='bbox 1219 2172 1471 2216; x_wconf 84' lang='lat' dir='ltr'>custodibus</span> 
     </span>
     <span class='ocr_line' id='line_1_26' title="bbox 94 2250 1470 2311; baseline 0.001 -18"><span class='ocrx_word' id='word_1_198' title='bbox 94 2267 243 2295; x_wconf 90' lang='lat' dir='ltr'>omnes</span> <span class='ocrx_word' id='word_1_199' title='bbox 273 2251 416 2296; x_wconf 83' lang='lat' dir='ltr'>aditus</span> <span class='ocrx_word' id='word_1_200' title='bbox 448 2251 767 2306; x_wconf 90' lang='lat' dir='ltr'>obsidentibus,</span> <span class='ocrx_word' id='word_1_201' title='bbox 789 2260 1040 2295; x_wconf 84' lang='lat' dir='ltr'>exenterato</span> <span class='ocrx_word' id='word_1_202' title='bbox 1076 2250 1217 2311; x_wconf 88' lang='lat' dir='ltr'>lepori</span> <span class='ocrx_word' id='word_1_203' title='bbox 1249 2251 1470 2306; x_wconf 87' lang='lat' dir='ltr'>inseritur,</span> 
     </span>
     <span class='ocr_line' id='line_1_27' title="bbox 94 2328 1468 2392; baseline 0.001 -20"><span class='ocrx_word' id='word_1_204' title='bbox 94 2328 302 2391; x_wconf 88' lang='lat' dir='ltr'>lepusque</span> <span class='ocrx_word' id='word_1_205' title='bbox 335 2332 380 2374; x_wconf 91' lang='lat' dir='ltr'>in</span> <span class='ocrx_word' id='word_1_206' title='bbox 408 2333 558 2375; x_wconf 89' lang='lat' dir='ltr'>Persas</span> <span class='ocrx_word' id='word_1_207' title='bbox 585 2333 702 2392; x_wconf 91' lang='lat' dir='ltr'>Cyro</span> <span class='ocrx_word' id='word_1_208' title='bbox 734 2330 940 2374; x_wconf 90' lang='lat' dir='ltr'>ferendus</span> <span class='ocrx_word' id='word_1_209' title='bbox 964 2329 1052 2373; x_wconf 89' lang='lat' dir='ltr'>fido</span> <span class='ocrx_word' id='word_1_210' title='bbox 1079 2347 1205 2374; x_wconf 85' lang='lat' dir='ltr'>servo</span> <span class='ocrx_word' id='word_1_211' title='bbox 1242 2331 1429 2375; x_wconf 88' lang='lat' dir='ltr'>traditur</span> <span class='ocrx_word' id='word_1_212' title='bbox 1460 2348 1468 2374; x_wconf 92' lang='lat'>:</span> 
     </span>
     <span class='ocr_line' id='line_1_28' title="bbox 94 2408 1357 2471; baseline 0.001 -19"><span class='ocrx_word' id='word_1_213' title='bbox 94 2408 241 2452; x_wconf 83' lang='lat' dir='ltr'>addita</span> <span class='ocrx_word' id='word_1_214' title='bbox 269 2410 400 2465; x_wconf 86' lang='lat' dir='ltr'>retia,</span> <span class='ocrx_word' id='word_1_215' title='bbox 423 2420 472 2454; x_wconf 89' lang='lat' dir='ltr'>ut</span> <span class='ocrx_word' id='word_1_216' title='bbox 499 2411 578 2454; x_wconf 93' lang='lat' dir='ltr'>sub</span> <span class='ocrx_word' id='word_1_217' title='bbox 604 2411 746 2471; x_wconf 91' lang='lat' dir='ltr'>specie</span> <span class='ocrx_word' id='word_1_218' title='bbox 775 2410 1018 2453; x_wconf 87' lang='lat' dir='ltr'>venationis</span> <span class='ocrx_word' id='word_1_219' title='bbox 1045 2409 1169 2453; x_wconf 90' lang='lat' dir='ltr'>dolus</span> <span class='ocrx_word' id='word_1_220' title='bbox 1193 2408 1357 2453; x_wconf 88' lang='lat' dir='ltr'>lateret.</span> 
     </span>
    </p>

    <p class='ocr_par' dir='ltr' id='par_1_3' title="bbox 96 2488 1469 2709">
     <span class='ocr_line' id='line_1_29' title="bbox 155 2488 1469 2550; baseline 0.001 -19"><span class='ocrx_word' id='word_1_221' title='bbox 155 2490 232 2532; x_wconf 90' lang='lat' dir='ltr'>VI.</span> <span class='ocrx_word' id='word_1_222' title='bbox 262 2489 406 2532; x_wconf 89' lang='lat' dir='ltr'>Lectis</span> <span class='ocrx_word' id='word_1_223' title='bbox 428 2488 499 2532; x_wconf 90' lang='lat' dir='ltr'>ille</span> <span class='ocrx_word' id='word_1_224' title='bbox 523 2488 737 2549; x_wconf 86' lang='lat' dir='ltr'>epistolis,</span> <span class='ocrx_word' id='word_1_225' title='bbox 761 2489 913 2533; x_wconf 91' lang='lat' dir='ltr'>eadem</span> <span class='ocrx_word' id='word_1_226' title='bbox 934 2490 1103 2533; x_wconf 91' lang='lat' dir='ltr'>somnio</span> <span class='ocrx_word' id='word_1_227' title='bbox 1125 2489 1302 2550; x_wconf 84' lang='lat' dir='ltr'>aggredi</span> <span class='ocrx_word' id='word_1_228' title='bbox 1325 2490 1469 2549; x_wconf 87' lang='lat' dir='ltr'>jussus</span> 
     </span>
     <span class='ocr_line' id='line_1_30' title="bbox 96 2567 1467 2629; baseline -0.001 -17"><span class='ocrx_word' id='word_1_229' title='bbox 96 2578 160 2612; x_wconf 86' lang='lat' dir='ltr'>est</span> <span class='ocrx_word' id='word_1_230' title='bbox 186 2585 194 2611; x_wconf 93' lang='lat'>:</span> <span class='ocrx_word' id='word_1_231' title='bbox 219 2567 293 2612; x_wconf 90' lang='lat' dir='ltr'>sed</span> <span class='ocrx_word' id='word_1_232' title='bbox 315 2569 620 2628; x_wconf 78' lang='lat' dir='ltr'>praemonitus,</span> <span class='ocrx_word' id='word_1_233' title='bbox 642 2579 710 2623; x_wconf 90' lang='lat' dir='ltr'>ut,</span> <span class='ocrx_word' id='word_1_234' title='bbox 734 2586 864 2629; x_wconf 92' lang='lat' dir='ltr'>quem</span> <span class='ocrx_word' id='word_1_235' title='bbox 889 2570 1078 2629; x_wconf 91' lang='lat' dir='ltr'>primum</span> <span class='ocrx_word' id='word_1_236' title='bbox 1101 2578 1274 2629; x_wconf 89' lang='lat' dir='ltr'>postera</span> <span class='ocrx_word' id='word_1_237' title='bbox 1299 2568 1368 2611; x_wconf 90' lang='lat' dir='ltr'>die</span> <span class='ocrx_word' id='word_1_238' title='bbox 1391 2568 1467 2611; x_wconf 91' lang='lat' dir='ltr'>ob-</span> 
     </span>
     <span class='ocr_line' id='line_1_31' title="bbox 96 2649 1466 2709; baseline -0.004 -15"><span class='ocrx_word' id='word_1_239' title='bbox 96 2651 215 2694; x_wconf 88' lang='lat' dir='ltr'>vium</span> <span class='ocrx_word' id='word_1_240' title='bbox 244 2650 484 2703; x_wconf 80' lang='lat' dir='ltr'>habuisset,</span> <span class='ocrx_word' id='word_1_241' title='bbox 514 2649 677 2692; x_wconf 82' lang='lat' dir='ltr'>socium</span> <span class='ocrx_word' id='word_1_242' title='bbox 707 2650 858 2709; x_wconf 86' lang='lat' dir='ltr'>coeptis</span> <span class='ocrx_word' id='word_1_243' title='bbox 887 2657 1136 2692; x_wconf 83' lang='lat' dir='ltr'>assumeret.</span> <span class='ocrx_word' id='word_1_244' title='bbox 1166 2650 1320 2708; x_wconf 83' lang='lat' dir='ltr'>Igitur,</span> <span class='ocrx_word' id='word_1_245' title='bbox 1349 2657 1466 2690; x_wconf 84' lang='lat' dir='ltr'>ante-</span> 
     </span>
    </p>
   </div>
  </div>
 </body>
</html>
