1783 3282
323 254 508 288 JITSTINI
538 252 882 286 HISTORIARUM
912 255 999 288 LIB.
1024 256 1125 290 VIII.
1363 267 1405 299 77

41 338 255 390 censium,
287 337 456 379 tametsi
487 352 639 378 omnes
675 346 1005 378 exsecrarentur
1038 348 1215 396 propter
1243 338 1409 382 sacrile-

41 415 184 474 gium,
210 414 306 474 plus
336 423 478 457 tamen
512 413 685 456 invidiae
715 413 953 467 Thebanis,
981 429 1005 455 a
1029 414 1184 472 quibus
1211 417 1264 458 ad
1296 417 1408 459 hanc

40 493 338 536 necessitatem
359 491 573 552 compulsi
597 492 789 546 fuerant,
804 508 934 551 quam
954 492 1058 551 ipsis
1074 491 1234 535 intulit.
1255 496 1408 553 ltaque

40 569 199 613 auxilia
213 570 278 613 his
294 579 333 613 et
350 571 403 613 ab
418 571 757 614 Atheniensibus
773 605 784 625 ,
809 580 851 613 et
868 587 891 613 a
910 569 1249 613 Lacedaemoniis
1267 572 1405 615 missa.

39 650 183 691 Prima
218 650 352 710 igitur
381 652 685 710 congressione
714 649 980 693 Philomelus
1003 649 1232 692 Thebanos
1259 651 1409 693 castris

39 728 170 770 exuit.
194 729 401 787 Sequenti
425 727 579 788 proelio
600 729 767 787 primus
788 728 903 770 inter
926 727 1263 771 confertissimos
1282 728 1409 770 dimi-

40 824 142 850 cans
167 808 340 863 cecidit,
367 817 410 850 et
432 807 645 867 sacrilegii
669 823 817 867 poenas
846 807 981 866 impio
1004 808 1215 867 sanguine
1240 807 1333 850 luit.
1359 810 1410 852 In

40 885 169 945 hujus
193 884 338 929 locum
365 885 452 929 dux
475 885 782 929 Onomarchus
806 895 990 929 creatur.

102 967 156 1007 II.
186 964 404 1009 Adversus
431 982 561 1025 quem
587 965 782 1008 Thebani
814 965 1096 1025 Thessalique
1119 982 1206 1009 non
1235 982 1286 1009 ex
1311 967 1412 1009 civi-

39 1044 120 1086 bus
140 1044 247 1099 suis,
281 1061 334 1087 ne
363 1045 550 1088 victores
582 1046 822 1104 potentiam
852 1045 962 1088 ferre
994 1061 1082 1087 non
1112 1054 1308 1104 possent,
1337 1045 1410 1088 sed

41 1122 310 1182 Philippum,
348 1123 616 1166 Macedoniae
652 1140 822 1183 regem,
859 1123 1015 1166 ducem
1051 1123 1244 1183 eligunt,
1273 1133 1313 1166 et
1346 1141 1411 1166 ex-

40 1211 172 1245 ternae
197 1201 507 1257 dominationi,
540 1219 669 1261 quam
692 1203 737 1244 in
760 1203 847 1244 suis
861 1202 1122 1258 timuerunt,
1143 1211 1297 1261 sponte
1319 1219 1412 1245 suc-

41 1280 212 1323 cedunt.
249 1281 391 1340 Igitur
417 1281 668 1341 Philippus,
703 1281 825 1339 quasi
861 1279 1092 1340 sacrilegii,
1122 1297 1211 1323 non
1247 1281 1413 1323 Theba-

40 1375 218 1415 norum,
239 1358 355 1402 ultor
369 1369 498 1415 esset,
519 1376 669 1403 omnes
688 1357 846 1402 milites
862 1374 1044 1402 coronas
1059 1357 1227 1402 laureas
1241 1375 1412 1403 sumere

36 1440 179 1499 jubet,
209 1450 338 1500 atque
370 1442 455 1496 ita,
491 1439 625 1484 veluti
657 1440 739 1483 deo
774 1439 909 1496 duce,
945 1441 989 1482 in
1021 1439 1224 1500 proelium
1252 1441 1408 1501 pergit.

41 1519 302 1575 Phocenses,
328 1520 571 1580 insignibus
604 1520 673 1563 dei
701 1519 965 1578 conspectis,
995 1519 1260 1562 conscientia
1289 1518 1414 1563 delic-

43 1608 188 1642 torum
216 1599 375 1654 territi,
408 1599 586 1658 abjectis
613 1599 765 1652 armis,
793 1598 941 1658 fugam
969 1607 1221 1657 capessunt,
1250 1614 1415 1658 poenas-

41 1693 125 1736 que
147 1676 316 1720 violatae
337 1676 558 1737 religionis
583 1678 794 1737 sanguine
821 1686 863 1719 et
885 1676 1074 1720 caedibus
1095 1677 1182 1720 suis
1200 1677 1411 1737 pendunt.

40 1755 321 1811 Incredibile,
350 1766 564 1815 quantum
587 1772 636 1798 ea
669 1772 735 1799 res
764 1755 880 1815 apud
910 1772 1060 1799 omnes
1095 1757 1292 1799 nationes
1319 1757 1416 1799 Phi-

43 1835 162 1896 lippo
183 1835 330 1896 gloriae
354 1835 486 1878 dedit.
512 1834 677 1879 «Illum
705 1834 920 1878 vindicem
945 1834 1179 1895 sacrilegii,
1206 1834 1329 1878 illum
1356 1834 1415 1878 ul-

43 1924 182 1957 torem
208 1913 468 1974 religionum
492 1913 634 1973 :quod
657 1913 774 1956 orbis
800 1913 964 1956 viribus
987 1914 1152 1973 expiari
1178 1913 1414 1967 debuisset,

43 1992 184 2037 solum
204 2027 215 2048 ,
241 1993 315 2052 qui
342 1992 512 2053 piacula
536 1992 746 2053 exigeret,
776 1993 1000 2036 exstitisse.
1027 1993 1222 2053 Dignum
1252 1993 1415 2052 itaque,

43 2073 117 2132 qui
144 2072 224 2116 diis
245 2072 468 2132 proximus
487 2072 740 2127 haberetur,
758 2089 835 2132 per
858 2088 987 2131 quem
1012 2071 1193 2115 deorum
1218 2072 1416 2131 majestas

45 2151 262 2194 vindicata
287 2152 390 2194 sit.»
414 2150 496 2194 Sed
518 2151 827 2206 Athenienses,
853 2150 1003 2194 audito
1023 2149 1125 2193 belli
1153 2160 1332 2204 eventu,
1363 2167 1417 2193 ne

50 2231 92 2272 in
120 2231 334 2274 Graeciam
357 2229 585 2290 Philippus
614 2231 838 2286 transiret,
866 2230 1085 2290 angustias
1111 2229 1419 2290 Thermopyla-

49 2325 172 2363 rum,
193 2309 287 2368 pari
312 2309 501 2364 ratione,
527 2310 639 2352 sicut
661 2319 789 2352 antea
811 2309 1144 2352 advenientibus
1168 2310 1329 2365 Persis,
1353 2326 1420 2352 oc-

47 2403 285 2447 cupavere,
314 2387 389 2430 sed
411 2404 686 2448 nequaquam
713 2387 843 2432 simili
867 2398 941 2431 aut
969 2389 1129 2432 virtute
1158 2399 1235 2432 aut
1263 2405 1417 2432 causa:

46 2466 258 2526 siquidem
284 2476 388 2509 tunc
409 2483 487 2526 pro
506 2466 706 2511 libertate
729 2468 930 2523 Graeciae,
951 2485 1068 2512 nunc
1091 2484 1171 2528 pro
1194 2467 1420 2528 sacrilegio

48 2545 248 2605 publico;
275 2555 378 2588 tunc
401 2562 426 2588 a
449 2546 601 2605 rapina
616 2546 808 2590 hostium
828 2547 988 2607 templa
1008 2546 1290 2601 vindicaturi,
1305 2562 1420 2589 nunc

47 2624 253 2668 adversus
277 2624 469 2668 vindices
495 2623 760 2683 templorum
785 2635 981 2684 raptores
1007 2626 1252 2670 defensuri:
1273 2635 1422 2685 agunt-
