1783 3282
287 267 299 289 ι
308 267 356 302 90
876 251 895 284 J
901 248 1067 284 USTINI

345 337 440 379 VII.
466 335 542 377 His
569 336 802 377 Poenorum
823 331 945 375 malis
967 331 1097 374 etiam
1126 327 1292 371 deletus
1317 328 1359 370 in
1382 326 1526 371 Sicilia
1554 342 1653 368 cum

286 418 546 475 imperatore
571 413 806 472 exercitUS,
837 410 954 453 velut
979 408 1158 468 quidam
1184 423 1479 449 aerumnarum
1503 421 1657 448 cumu-

286 495 370 547 lus,
397 494 587 537 accessit.
624 494 739 537 Nam
770 499 866 550 post
893 487 1206 549 profectionem
1243 502 1267 528 a
1294 484 1438 529 Sicilia
1464 484 1661 545 Agatho-

286 573 383 628 clis,
409 573 452 616 in
481 572 706 617 obsidione
731 573 1043 629 Syracusarum
1071 567 1193 609 Poeni
1227 565 1447 625 segniores
1479 562 1659 619 redditi,

286 655 338 697 ab
378 652 624 702 Antandro,
661 651 792 693 fratre
826 647 941 708 regis
981 643 1255 706 Agathoclis,
1299 642 1523 686 occidione
1563 643 1659 685 caesi

288 733 615 776 nuntiabantur.
632 732 788 788 Itaque
806 743 943 787 quum
965 725 1082 769 domi
1100 723 1293 783 forisque
1313 722 1463 766 eadem
1486 720 1662 764 fortuna

287 810 714 872 Carthaginiensium
741 816 872 859 esset,
897 807 987 866 jain
1014 821 1102 848 non
1130 803 1370 847 tributariae
1405 810 1576 844 tantum
1607 800 1661 843 ab

287 893 351 934 his
376 891 523 946 urbes,
545 905 697 931 verum
718 888 847 930 etiam
873 886 979 928 socii
998 901 1119 944 reges
1146 882 1404 926 deficiebant
1419 915 1430 937 ,
1459 880 1665 924 amicitia-

288 986 385 1013 rum
406 970 506 1029 jura
531 983 621 1011 non
639 966 744 1022 fide,
770 964 843 1009 sed
867 981 1067 1008 successu
1087 962 1393 1023 ponderantes.
1417 963 1524 1005 Erat
1550 960 1665 1002 inter

288 1060 449 1093 ceteros
475 1064 551 1091 rex
577 1049 849 1107 Cyrenarum
880 1042 1116 1104 Opheltas,
1145 1042 1219 1102 qui
1240 1075 1250 1096 ,
1276 1057 1349 1100 spe
1377 1040 1579 1100 improba
1598 1055 1663 1081 re-

287 1145 423 1190 gnum
464 1128 597 1170 totius
633 1125 796 1170 Africae
832 1122 1080 1183 amplexus,
1126 1122 1375 1165 societatem
1417 1135 1518 1161 cum
1553 1122 1666 1178 Aga-

290 1207 433 1252 thocle
453 1223 532 1267 per
563 1204 728 1266 legatos
760 1205 990 1264 junxerat,
1026 1211 1265 1262 pactusque
1296 1216 1396 1242 cum
1430 1215 1480 1242 eo
1507 1197 1667 1253 fuerat,

288 1299 335 1331 ut
373 1285 527 1331 Siciliae
564 1284 646 1341 illi,
686 1285 765 1328 sibi
794 1284 949 1329 Africae
981 1283 1232 1342 imperium,
1272 1281 1398 1325 victis
1436 1279 1669 1338 Carthagi-

289 1368 534 1421 niensibus,
555 1365 738 1409 cederet.
757 1367 927 1424 Itaque,
944 1379 1079 1423 quum
1096 1361 1149 1406 ad
1171 1360 1274 1405 belli
1295 1361 1547 1404 societatem
1568 1375 1669 1402 cum

290 1447 456 1508 ingenti
487 1445 679 1489 exercitu
719 1445 809 1504 ipse
841 1444 1044 1499 venisset,
1075 1441 1336 1502 Agathocles
1367 1438 1530 1483 blando
1566 1437 1670 1482 allo-

289 1528 418 1586 quio,
445 1535 485 1568 et
510 1523 666 1568 humili
692 1523 968 1578 adulatione,
997 1538 1134 1582 quum
1161 1522 1316 1582 saepius
1345 1518 1475 1563 simul
1500 1535 1667 1562 coenas-

290 1617 408 1662 sent,
433 1605 755 1666 adoptatusque
781 1603 896 1648 filius
921 1604 1014 1665 ejus
1040 1603 1093 1646 ab
1126 1600 1319 1662 Ophelta
1354 1610 1490 1655 esset,
1519 1600 1667 1643 incau-

290 1696 383 1729 tum
413 1684 642 1736 interficit3
671 1693 972 1745 occupatoque
999 1682 1193 1726 exercitu
1219 1681 1330 1741 ejus,
1370 1681 1525 1724 iterato
1561 1682 1668 1724 Car-

292 1765 603 1825 thaginienses,
646 1763 848 1806 omnibus
889 1763 1056 1806 viribus
1090 1759 1253 1805 bellum
1291 1761 1472 1816 cientes,
1510 1776 1671 1821 magno

291 1845 518 1903 utriusque
543 1843 755 1886 exercitus
781 1843 1010 1903 sanguine,
1031 1842 1153 1903 gravi
1175 1839 1329 1901 proelio
1355 1850 1544 1900 superat.
1578 1842 1672 1883 Hoc

293 1923 541 1967 certaminis
561 1921 809 1966 discrimine
830 1931 954 1964 tanta
984 1921 1228 1980 desperatio
1262 1919 1381 1963 illata
1407 1921 1549 1963 Poenis
1582 1929 1671 1974 est,

295 2013 364 2059 ut,
387 2003 470 2046 nisi
495 2003 540 2045 in
563 2002 755 2044 exercitu
775 1999 1027 2060 Agathoclis
1044 2010 1140 2043 orta
1161 1999 1315 2042 seditio
1338 1998 1510 2055 fuisset,
1532 2009 1672 2042 trans-

294 2085 432 2126 iturus
459 2081 514 2125 ad
542 2097 643 2125 eum
678 2079 914 2133 Bomilcar,
953 2096 1029 2122 rex
1053 2081 1309 2133 Poenorum,
1344 2095 1444 2122 cum
1473 2079 1668 2122 exercitu

297 2163 440 2206 fuerit.
468 2162 538 2206 Ob
566 2176 697 2220 quam
723 2175 881 2202 noxam
906 2160 953 2201 in
978 2157 1120 2202 medio
1145 2158 1240 2201 foro
1258 2174 1283 2200 a
1306 2158 1448 2201 Poenis
1476 2157 1673 2217 patibulo

295 2242 475 2285 suffixus
500 2251 563 2284 est
587 2257 596 2283 :
624 2249 671 2283 ut
698 2239 814 2282 idem
841 2238 961 2282 locus
991 2247 1327 2281 monumentum
1358 2235 1671 2297 suppliciorum

296 2323 387 2381 ejus
412 2330 547 2376 esset,
576 2320 652 2379 qui
682 2328 782 2362 ante
814 2318 958 2361 fuerat
984 2326 1293 2360 ornamentum
1317 2316 1550 2360 honorum.
1588 2316 1673 2360 Sed

299 2401 512 2444 Bomilcar
539 2415 698 2460 magno
725 2398 870 2441 animo
898 2396 1202 2440 crudelitatem
1228 2398 1388 2440 civium
1413 2395 1530 2451 tulit3
1565 2396 1672 2440 adeo

300 2490 343 2523 ut
370 2481 422 2523 de
441 2496 609 2523 summa
623 2495 771 2535 cruce,
788 2476 925 2521 veluti
945 2477 998 2521 de
1014 2476 1239 2531 tribunali,
1257 2478 1300 2520 in
1322 2479 1557 2520 Poenorum
1583 2492 1672 2519 sce-

298 2559 387 2603 lera
434 2560 786 2612 concionaretur;
832 2558 1053 2617 objectans
1097 2556 1205 2611 illis,
1253 2572 1369 2599 nunc
1412 2558 1670 2598 Hannonem

300 2639 402 2682 falsa
425 2639 612 2682 affectati
640 2639 763 2697 regni
799 2637 962 2680 invidia
1001 2638 1347 2680 circumventum
1382 2653 1389 2677 :
1423 2651 1538 2678 nunc
1574 2635 1673 2680 Gis-
