1783 3282
275 271 348 307 233
614 270 997 306 ADNOTATIONES
1026 271 1078 305 IN
1107 269 1299 305 JUSTINI

264 347 377 382 ‘libris
399 356 596 385 Φιλιππικῶν
625 354 661 382 et
689 347 794 395 operi
823 347 989 394 Pompeii
1007 346 1141 392 Trogi,
1170 346 1217 381 ad
1243 346 1489 381 imitationem
1514 346 1643 382 Theo-

272 408 401 455 pompi
429 408 584 456 scripto,
607 420 745 443 nomen
765 408 959 443 dederunt.
980 406 1116 440 Inutile
1137 406 1239 441 dictu
1259 414 1312 442 est
1330 408 1428 442 hunc
1448 407 1584 442 librum
1610 414 1646 442 et

272 470 364 504 duos
388 475 582 516 sequentes
605 482 650 504 ex
668 470 916 516 Theopompo
937 466 1181 502 concinnatos
1204 479 1292 502 esse.
1311 466 1557 503 Difficultates
1579 481 1645 503 au-

272 538 344 564 tem
365 538 400 565 et
420 530 667 566 dissensiones
695 529 881 571 maximae,
910 527 1042 574 quibus
1064 527 1230 574 Philippi
1250 528 1469 564 Macedonis
1489 529 1647 564 historia

272 591 502 635 obscuratur,
526 591 615 626 inde
639 589 808 638 petendae
830 595 932 630 sunt,
958 588 1059 635 quod
1078 588 1218 623 Graecia
1237 595 1324 624 tunc
1345 589 1466 624 omnis
1485 590 1645 637 partium

271 652 394 687 studio
423 653 611 700 ingentem
637 652 676 686 in
702 650 854 685 modum
880 649 998 684 divisa
1025 656 1102 684 erat
1127 656 1162 684 et
1186 649 1424 685 historiarum
1447 651 1645 697 scriptores

271 715 330 749 vel
349 715 396 749 ab
415 714 599 750 alterutris
618 712 786 759 partibus
806 711 964 754 stabant,
979 711 1038 745 vel
1058 723 1101 745 ex
1122 710 1352 755 oratoribus,
1366 723 1524 758 quorum
1539 711 1645 759 quis-

271 788 341 822 que
363 788 420 810 res
442 782 560 822 gestas
587 773 798 808 orationum
821 785 970 807 suarum
993 772 1151 807 consilio
1175 772 1502 817 accommodabat,
1527 779 1646 808 mate-

270 836 363 870 riem
387 835 573 871 scribendi
595 835 806 869 hauserunt.
826 834 895 868 Vel
918 833 995 880 ipse
1019 833 1304 879 Demosthenes,
1327 833 1384 868 vir
1402 834 1647 881 probissimus

271 904 305 931 et
337 896 616 943 integerrimus,
650 895 817 930 eamdem
848 907 925 929 rem
955 895 994 929 in
1023 894 1103 928 aliis
1132 895 1365 930 orationibus
1390 895 1496 931 aliter
1521 896 1646 933 refert.

270 958 370 1001 Quid
398 958 436 991 in
463 963 565 990 tanta
592 956 849 990 narrationum
881 955 1094 990 diversitate
1118 968 1248 990 verum
1278 956 1479 992 existimari
1510 958 1648 1004 possit,

271 1030 457 1064 exponere
477 1017 618 1052 studuit
636 1016 822 1051 VVeiskius
845 1016 884 1050 in
910 1017 1026 1051 tribus
1047 1016 1367 1051 dissertationibus
1386 1018 1433 1052 de
1451 1017 1648 1066 hyperbole

270 1091 427 1112 errorum
461 1079 498 1112 in
535 1079 688 1113 historia
721 1078 897 1125 Philippi
925 1080 1099 1122 Amyntoe
1131 1078 1404 1112 commissorum
1436 1079 1646 1126 genetrice,

269 1140 415 1182 Misnae,
451 1140 547 1186 1819
574 1152 581 1173 ε
611 1139 673 1186 qui
699 1139 839 1186 primus
864 1139 1028 1173 criticam
1051 1138 1089 1172 in
1114 1138 1209 1173 Phil.
1236 1138 1391 1174 historia
1417 1140 1649 1187 exploranda

269 1200 367 1235 viam
396 1199 579 1247 ingressus
609 1207 672 1235 est.

322 1262 406 1296 CAP.
445 1262 474 1296 I.
505 1262 621 1310 Regio
650 1262 821 1296 Poeonia.
856 1262 900 1295 In
929 1268 1032 1295 textu
1071 1260 1207 1295 Justini
1234 1261 1367 1296 excudi
1392 1261 1556 1296 debebat
1585 1275 1649 1297 re·-

267 1325 329 1370 gc'o
355 1324 483 1358 Bottia
507 1336 518 1357 :
547 1336 633 1357 nam
669 1323 780 1357 codd.
818 1322 956 1357 Justini
988 1322 1127 1357 habent
1161 1322 1313 1357 Boeotia
1335 1323 1394 1358 vel
1417 1323 1562 1365 Boetia;
1585 1334 1651 1358 an-

269 1384 414 1431 tiquum
438 1391 559 1419 autem
582 1396 721 1418 nomen
745 1384 873 1418 Bottia
897 1383 974 1418 sive
1003 1384 1163 1417 Bottiaea
1185 1382 1296 1418 fuisse
1318 1390 1354 1418 et
1374 1383 1476 1430 prius
1500 1390 1650 1418 consta-

269 1446 354 1488 bat,
376 1453 412 1480 et
430 1458 548 1492 nuper
567 1443 828 1480 confirmatum
843 1452 895 1479 est
916 1444 1105 1491 Excerptis
1124 1444 1300 1488 Diodori,
1316 1457 1393 1491 quae
1413 1448 1505 1492 Aug.
1526 1445 1649 1480 Maius

270 1520 315 1541 ex
335 1506 514 1541 Vaticana
540 1507 768 1541 bibliotheca
795 1505 906 1548 eruit,
936 1506 1000 1541 lib.
1025 1518 1102 1548 vn,
1131 1508 1149 1549 ς
1175 1511 1215 1550 4,
1243 1518 1280 1553 p.
1303 1504 1324 1540 3
1349 1518 1402 1552 sq.

323 1569 537 1615 Pelegonus.
561 1567 637 1611 Qui
655 1574 805 1617 Πηλεγὼν
827 1579 884 1613 ap.
901 1567 1053 1601 Homer.
1067 1567 1180 1602 Iliad.
1199 1576 1243 1610 Φ,
1268 1569 1339 1608 140
1353 1579 1447 1614 sqq.;
1461 1567 1527 1602 sed
1539 1567 1649 1602 codd.

269 1628 405 1663 Justini
440 1630 665 1676 Telegonus,
704 1629 769 1675 qui
800 1627 897 1663 filius
934 1629 1092 1676 Ulyssi5‚
1124 1629 1184 1663 vel
1215 1628 1362 1663 Justino
1396 1629 1456 1664 vel
1489 1629 1651 1665 librariis

269 1690 392 1724 minus
422 1690 572 1736 ignotus
603 1697 691 1725 erat.

323 1751 406 1785 CAP.
434 1751 480 1785 II.
509 1751 723 1786 Perdiccas.
743 1751 804 1785 Ab
822 1751 894 1785 hoc
918 1750 1131 1785 Herodotus
1151 1751 1382 1786 Macedoniae
1403 1762 1561 1798 regnum
1586 1762 1652 1786 ex-

270 1811 436 1855 orditur;
467 1812 531 1847 sed
556 1813 822 1859 Theopompus
854 1818 889 1846 et
930 1811 992 1846 alii
1020 1811 1202 1847 Perdiccae
1229 1812 1501 1860 praeponebant
1535 1813 1651 1847 Cara-

270 1885 377 1915 num,
410 1873 561 1908 Coenum
590 1872 680 1921 (ejus
709 1872 840 1921 filium)
869 1880 905 1907 et
934 1873 1135 1919 Tyrimam.

325 1937 514 1983 AEropum.
545 1935 664 1970 Codd.
693 1947 821 1969 omnes
849 1935 1049 1981 Europum.

327 1997 416 2031 Huic
435 2000 619 2043 Amyntas
633 1997 803 2031 succedit.
820 1995 955 2031 Omisit
970 1997 1141 2030 Alc-etam
1160 1996 1259 2043 apud
1278 1996 1419 2031 Herod.
1435 2009 1536 2039 vul,
1562 1995 1648 2042 139,

271 2064 306 2091 et
330 2057 366 2091 in
386 2058 539 2093 Eusebii
562 2057 754 2092 Chronico.

324 2118 407 2152 Cap.
435 2120 500 2153 IV.
527 2120 603 2153 Per
622 2119 790 2153 ordinem
810 2119 1060 2153 successionis.
1088 2120 1175 2153 Post
1194 2119 1446 2154 Alexandrum
1465 2130 1651 2166 regnave-

271 2187 357 2214 runt
396 2180 595 2214 Perdiccas
630 2180 739 2222 alter,
772 2179 996 2221 Archelaus,
1033 2180 1108 2225 ejus
1148 2178 1244 2215 filius
1275 2181 1429 2223 nothus,
1463 2179 1652 2227 Euripidis

271 2241 419 2289 aequalis
445 2249 481 2276 et
505 2249 702 2289 patronuS,
736 2241 898 2283 Orestes,
939 2241 1014 2286 ejus
1041 2240 1136 2276 filius
1163 2241 1284 2276 infans
1312 2255 1319 2275 2
1349 2254 1424 2288 quo
1449 2241 1572 2276 occiso
1595 2253 1653 2276 re-

270 2315 381 2349 gnum
408 2303 542 2338 invasit
571 2303 645 2349 ejus
673 2309 775 2337 tutor
798 2304 956 2349 xEropus
987 2315 994 2335 :
1020 2315 1093 2348 quo
1119 2309 1154 2337 et
1180 2302 1262 2349 ipso
1289 2302 1484 2338 interfecto
1508 2303 1650 2341 Amm-

275 2371 353 2406 tas,
382 2364 545 2411 Philippi
573 2371 687 2411 pater.

331 2426 529 2461 Aridoeum.
565 2425 685 2460 Codd.
719 2424 855 2459 Justini
890 2436 1019 2458 omnes
1045 2423 1279 2458 Arclzideum.
1305 2424 1428 2459 Ceteri
1453 2424 1651 2471 scriptores

272 2485 403 2531 spuriae
430 2486 516 2520 huic
543 2487 642 2533 proli
669 2486 812 2521 addunt
841 2487 1083 2520 Ptolemoeum
1111 2485 1306 2519 Aloritam.

325 2547 409 2581 Cap,
439 2548 483 2580 V.
521 2547 717 2581 Thebanis.
750 2548 846 2581 Nam
882 2560 901 2582 a
935 2546 1119 2581 Thessalis
1163 2546 1300 2581 auxilio
1335 2546 1459 2580 vocati
1491 2545 1650 2587 fuerant,

272 2619 384 2652 quum
416 2607 548 2641 horum
580 2615 713 2641 terram
748 2608 925 2642 insidiose
961 2614 1176 2653 occupatam
1207 2607 1417 2641 Alexander
1448 2606 1640 2641 durissime

272 2676 468 2713 premeret.
