1783 3282
448 266 790 301 HISTORIARUM
817 268 905 301 LIB.
929 269 1009 302 XII.
1345 268 1414 302 115

48 357 245 392 cusantes
280 346 568 391 Callisthenes
604 347 698 390 fuit.
737 348 848 403 Quae
887 364 953 390 res
992 359 1034 390 et
1069 349 1153 404 illi,
1189 360 1228 393 et
1268 350 1412 394 multis

50 427 320 486 principibus
342 425 636 469 Macedonum
664 426 794 469 exitio
816 425 922 479 fuit3
945 426 1158 484 siquidem
1175 429 1253 471 sub
1275 430 1415 488 specie

49 505 307 547 insidiarum
336 521 486 547 omnes
510 504 739 547 interfecti.
772 507 986 547 Retentus
1017 513 1161 547 tamen
1186 516 1246 548 est
1272 523 1293 548 a
1324 510 1417 551 Ma-

48 583 284 626 cedonibus
306 600 398 626 mos
422 583 639 627 salutandi
663 584 797 644 regis,
827 582 998 643 explosa
1022 583 1287 626 adoratione.
1317 588 1417 629 Post

49 662 139 705 haec
161 662 334 705 Indiam
359 664 487 722 petit,
513 673 561 705 ut
584 666 781 717 Oceano,
806 661 1049 721 ultimoque
1074 662 1255 705 Oriente
1278 662 1420 706 finiret

50 742 297 800 imperium.
318 743 401 784 Cui
423 741 571 800 gloriae
593 752 642 784 ut
665 742 797 783 etiam
815 742 1027 784 exercitus
1041 750 1298 785 ornamenta
1322 758 1422 784 con-

52 820 271 872 venirent,
305 818 505 879 phaleras
539 836 772 878 equorum,
801 828 843 862 et
872 835 992 862 arma
1020 819 1210 863 militum
1239 830 1420 880 argento

51 898 238 952 inducit;
270 898 597 957 exercitumque
625 914 772 953 suum,
805 898 856 941 ab
887 899 1102 958 argenteis
1131 896 1314 958 clypeis,
1342 900 1423 942 Ar-

53 976 304 1037 gyraspidas
326 974 577 1036 appellavit.
603 977 753 1033 Quum
779 976 833 1019 ad
852 979 1015 1037 Nysam
1040 977 1192 1020 urbem
1215 977 1422 1034 venisset,

53 1055 284 1115 oppidanis
324 1072 411 1098 non
450 1056 797 1116 repugnantibus
830 1055 986 1098 fiducia
1018 1054 1239 1116 religionis
1278 1056 1425 1099 Liberi

54 1135 210 1195 patris,
237 1151 260 1177 a
284 1151 371 1194 quo
393 1135 569 1178 condita
595 1134 698 1177 urbs
726 1145 839 1190 erat,
867 1135 985 1194 parci
1010 1135 1156 1193 jussit,
1183 1134 1303 1177 laetus
1335 1151 1423 1177 non

55 1212 256 1256 militiam
298 1222 487 1266 tantum,
529 1229 679 1255 verum
730 1223 772 1255 et
811 1214 994 1272 vestigia
1031 1230 1075 1255 se
1112 1213 1180 1255 dei
1214 1222 1423 1256 secutum.

56 1294 182 1335 Tunc
205 1292 259 1334 ad
282 1291 580 1352 spectaculum
606 1293 715 1335 sacri
739 1293 898 1335 montis
925 1291 1049 1335 duxit
1073 1293 1332 1346 exercitum,
1356 1308 1428 1334 na·

58 1370 270 1415 turalibus
287 1372 434 1422 bonis,
450 1372 559 1427 vite,
583 1370 830 1430 hederaque
851 1388 940 1414 non
962 1370 1088 1414 aliter
1104 1372 1269 1427 vestiti,
1295 1387 1426 1430 quam

58 1452 92 1493 si
117 1467 249 1493 manu
278 1449 440 1505 cultus,
464 1449 790 1509 colentiumque
814 1450 1028 1493 industria
1049 1460 1282 1494 exornatus
1304 1459 1426 1493 esset.

59 1529 142 1572 Sed
168 1530 381 1573 exercitus
414 1530 525 1589 ejus,
555 1530 629 1572 ubi
658 1529 712 1572 ad
741 1539 936 1572 montem
970 1530 1169 1585 accessit,
1198 1531 1428 1590 repentino

61 1609 227 1668 impetu
255 1610 433 1663 mentis,
468 1610 510 1651 in
546 1625 688 1651 sacros
712 1607 780 1650 dei
813 1607 1004 1651 ululatus
1041 1609 1294 1664 instinctus,
1330 1625 1429 1652 cum

61 1697 238 1747 stupore
268 1687 405 1747 regis,
430 1688 520 1730 sine
547 1703 660 1730 noxa
685 1686 889 1730 discurrit
916 1704 924 1729 ε
951 1696 999 1730 ut
1029 1686 1318 1747 intelligeret,
1343 1704 1430 1730 non

62 1777 150 1810 tam
170 1765 334 1827 oppido
359 1783 401 1809 se
417 1765 656 1825 parcendo,
675 1782 805 1825 quam
828 1766 1037 1808 exercitui
1053 1782 1131 1809 suo
1151 1765 1430 1810 consuluisse.

60 1845 170 1888 Inde
194 1855 365 1889 montes
390 1844 607 1900 Daedalos,
635 1861 856 1905 regnaque
879 1843 1133 1904 Cleophidis
1156 1846 1337 1906 reginae,
1363 1862 1433 1905 pe-

63 1926 126 1968 tit.
154 1925 265 1980 Quae
291 1940 427 1984 quum
449 1941 492 1967 se
518 1923 753 1966 dedidisset
785 1924 846 1979 ei,
874 1924 1113 1967 concubitu
1152 1923 1428 1983 redemptum

63 2020 246 2065 regnum
297 2004 350 2046 ab
403 2002 649 2047 Alexandro
688 2004 875 2063 recepit,
924 2002 1139 2047 illecebris
1178 2014 1437 2058 consecuta,

64 2084 180 2144 quod
215 2085 376 2127 virtute
414 2100 501 2126 non
535 2092 759 2143 potuerat3
795 2082 1022 2143 filiumque
1048 2083 1101 2126 ab
1136 2100 1187 2127 eo
1211 2084 1436 2144 genitum,

65 2162 361 2206 Alexandrum
392 2163 656 2217 nominavit,
684 2163 759 2221 qui
784 2172 932 2222 postea
961 2179 1097 2222 regno
1125 2162 1337 2206 Indorum
1360 2179 1436 2223 po-

68 2244 170 2285 titus
195 2252 268 2285 est.
307 2242 512 2302 Cleophis
548 2243 724 2302 regina,
762 2251 942 2302 propter
972 2251 1234 2302 prostratam
1270 2242 1440 2302 pudici-

67 2323 173 2364 tiam
213 2331 406 2365 scortam
442 2325 609 2382 regiam
650 2322 702 2364 ab
741 2321 862 2364 Indis
907 2321 1065 2364 exinde
1101 2320 1321 2381 appellata
1362 2331 1441 2364 est.

67 2402 301 2461 Peragrata
324 2401 471 2455 India,
496 2417 632 2460 quum
661 2400 715 2443 ad
737 2416 889 2443 saxum
913 2401 1033 2443 mirae
1061 2400 1304 2460 asperitatis
1328 2410 1371 2444 et
1386 2399 1444 2444 al-

69 2478 290 2533 titudinis,
318 2480 362 2520 in
386 2479 503 2538 quod
536 2478 661 2522 multi
696 2478 848 2538 populi
880 2478 1190 2540 confugerant,
1228 2481 1445 2539 pervenis-

70 2567 156 2612 set,
180 2559 425 2619 cognoscit,
447 2557 681 2602 Herculem
712 2559 764 2601 ab
787 2559 1112 2619 expugnatione
1137 2558 1329 2619 ejusdem
1355 2559 1443 2602 saxi

72 2647 197 2681 terrae
220 2648 340 2680 motu
370 2638 657 2798 p‘iibitum.
683 2639 848 2696 Captus
874 2639 1019 2696 itaque
1046 2638 1252 2697 cupidine
1280 2641 1444 2680 Hercu-

1199 2716 1237 2757 8.
