1783 3282
363 253 410 297 (s.
954 255 1141 289 instrui

367 339 590 394 Herculis,
615 338 730 381 unde
753 338 963 398 originem
993 354 1096 397 gens
1123 335 1396 379 AEacidarum
1428 334 1588 387 trahat3
1618 342 1733 375 acta-

367 435 450 477 que
470 417 628 460 Thebis
649 433 672 459 a
699 426 821 476 patre
849 417 940 475 ejus
962 414 1165 472 Philippo
1186 413 1382 472 pueritia.
1411 415 1570 471 Rogat,
1588 411 1734 453 «Urbi

368 506 540 555 parcat,
567 512 659 555 quae
686 495 872 553 majores
902 494 992 552 ejus
1021 492 1180 551 partim
1206 490 1322 550 apud
1359 506 1401 533 se
1425 490 1593 550 genitos
1630 489 1732 531 deos

367 575 537 630 adoret,
552 574 711 634 partim
727 572 931 615 educatos
949 586 1127 613 summae
1142 569 1378 628 majestatis
1393 585 1512 628 reges
1531 568 1733 610 viderit.»

367 654 450 697 Sed
467 654 685 713 potentior
699 652 779 694 fuit
805 651 888 704 ira,
903 665 1033 709 quam
1050 664 1214 707 preces.
1230 650 1383 706 Itaque
1398 647 1502 690 urbs
1524 646 1730 689 diruitur:

365 734 456 793 agri
484 733 597 775 inter
626 731 811 773 victores
835 728 1089 772 dividuntur
1114 744 1123 769 :
1150 727 1310 785 captivi
1336 726 1415 769 sub
1443 741 1603 768 corona
1624 741 1732 767 ven-

365 812 554 854 duntur:
577 825 763 869 quorum
790 808 979 868 pretium
1011 822 1102 849 non
1136 822 1187 848 ex
1213 805 1451 847 ementium
1479 802 1730 859 commodo,

365 890 439 933 sed
466 906 517 932 ex
544 889 821 932 inimicorum
843 885 943 929 odio
968 883 1231 928 extenditur.
1248 882 1499 926 Miseranda
1516 898 1583 925 res
1603 881 1732 924 Athe-

366 967 587 1011 niensibus
609 967 712 1008 visa.
739 967 892 1022 Itaque
917 972 1062 1022 portas
1080 962 1258 1021 refugiis
1277 961 1564 1021 profugorum
1580 970 1732 1004 contra

366 1045 643 1089 interdictum
667 1043 778 1102 regis
807 1057 1027 1100 aperuere.
1045 1041 1188 1096 Quam
1218 1056 1306 1082 rem
1333 1041 1392 1081 ita
1420 1040 1610 1098 graviter
1632 1038 1731 1082 tulit

363 1122 624 1177 Alexander,
647 1131 696 1164 ut
712 1119 898 1163 secunda
923 1118 1137 1179 legatione
1154 1118 1296 1161 denuo
1315 1117 1480 1161 bellum
1496 1117 1731 1177 deprecan-

365 1203 499 1256 tibus,
524 1202 585 1244 ita
620 1199 794 1242 demum
817 1198 1051 1251 remiserit,
1076 1207 1124 1239 ut
1151 1206 1343 1239 oratores
1369 1205 1411 1239 et
1440 1195 1571 1238 duces
1587 1229 1598 1249 ,
1625 1212 1731 1255 quo-

363 1297 460 1324 rum
484 1279 641 1322 fiducia
675 1278 800 1321 toties
833 1275 1068 1331 rebellent,
1093 1276 1173 1319 sibi
1204 1275 1418 1319 dedantur
1447 1292 1455 1318 :
1482 1276 1730 1335 paratisque

365 1358 721 1410 Atheniensibus,
759 1372 812 1398 ne
852 1365 1065 1416 cogantur
1104 1355 1247 1398 subire
1279 1354 1464 1411 bellum,
1495 1371 1544 1398 eo
1572 1371 1639 1398 res
1668 1371 1731 1397 re-

363 1437 491 1480 ducta
505 1446 591 1490 est,
611 1445 677 1491 ut,
702 1435 879 1478 retentis
903 1434 1168 1490 oratoribus,
1191 1433 1319 1477 duces
1344 1435 1387 1476 in
1413 1432 1611 1476 exsilium
1633 1449 1728 1493 age-
1754 1435 1757 1437 ’

363 1525 513 1557 rentur
532 1515 631 1573 :qui
657 1530 708 1555 ex
733 1514 976 1556 continenti
1003 1512 1055 1555 ad
1079 1513 1264 1556 Darium
1288 1512 1495 1572 profecti,
1522 1529 1610 1555 non
1638 1528 1728 1555 me-

361 1593 505 1635 diocre
533 1602 805 1635 momentum
828 1594 1057 1634 Persarum
1081 1592 1246 1634 viribus
1269 1607 1494 1634 accessere.

423 1673 475 1713 V.
503 1670 782 1714 Proficiscens
814 1669 867 1712 ad
902 1671 1115 1729 persicum
1144 1669 1326 1724 bellum,
1352 1686 1500 1713 omnes
1532 1686 1726 1713 novercae

361 1766 445 1792 suae
472 1759 704 1810 cognatos,
735 1765 840 1808 quos
873 1748 1100 1808 Philippus
1127 1750 1171 1791 in
1200 1748 1477 1792 excelsiorem
1504 1749 1725 1809 dignitatis

361 1828 505 1871 locum
544 1828 806 1887 provehens,
841 1829 1032 1887 imperiis
1067 1828 1344 1887 praefecerat,
1370 1828 1600 1872 interfecit.
1642 1829 1723 1872 Sed

360 1923 439 1950 nec
470 1908 581 1961 suis,
612 1908 686 1965 qui
722 1907 811 1965 apti
843 1923 977 1966 regno
1006 1906 1282 1961 videbantur,
1308 1909 1516 1966 pepercit,
1554 1923 1607 1949 ne
1638 1924 1723 1966 qua

360 1986 540 2028 materia
565 1984 807 2039 seditionis,
841 1983 990 2043 procul
1017 2001 1059 2027 se
1089 1995 1262 2044 agente,
1292 1986 1335 2027 in
1367 1984 1626 2028 Macedonia
1657 2002 1724 2028 re-

359 2072 551 2107 maneret
577 2081 586 2106 :
612 2073 651 2106 et
682 2080 802 2123 reges
826 2063 1127 2122 stipendiarios
1152 2064 1461 2123 conspectioris
1484 2065 1647 2124 ingenii
1670 2065 1723 2107 ad

357 2142 659 2186 commilitium
697 2159 841 2185 secum
871 2142 1026 2197 trahit,
1055 2143 1271 2202 segniores
1305 2142 1359 2185 ad
1389 2142 1567 2186 tutelam
1599 2145 1723 2204 regni

357 2221 575 2280 relinquit.
605 2220 807 2264 Adunato
840 2220 994 2263 deinde
1021 2222 1213 2264 exercitu
1244 2238 1372 2264 naves
1399 2231 1579 2266 onerat:
1606 2223 1723 2266 unde

358 2309 589 2359 conspecta
614 2300 716 2342 Asia
742 2298 985 2341 incredibili
1012 2299 1167 2342 ardore
1191 2302 1348 2343 mentis
1370 2317 1592 2356 accensus,
1615 2301 1722 2344 duo-

357 2379 494 2421 decim
531 2395 623 2420 aras
664 2379 846 2420 deorum
879 2379 922 2420 in
955 2378 1057 2420 belli
1084 2388 1184 2421 vota
1207 2380 1368 2422 statuit.
1401 2381 1719 2423 Patrimonium

358 2474 486 2500 omne
521 2474 669 2511 suum,
699 2457 816 2516 quod
843 2458 885 2499 in
921 2457 1178 2500 Macedonia
1210 2461 1472 2518 Europaque
1508 2460 1718 2515 habebat,

357 2538 504 2579 amicis
521 2536 695 2585 dividit,
711 2537 831 2579 «Sibi
846 2538 988 2579 Asiam
1003 2536 1221 2579 sufficere»
1233 2537 1448 2597 praefatus.
1464 2540 1718 2598 Priusquam

359 2614 444 2657 ulla
471 2616 590 2657 navis
621 2613 745 2657 litore
772 2615 1021 2669 excederet,
1049 2616 1211 2659 hostias
1240 2616 1384 2671 caedit,
1413 2626 1562 2676 petens
1592 2618 1719 2660 «Vic-
