1783 3282
299 282 311 303 1
325 281 337 302 1
349 272 370 306 8
884 274 904 308 J
907 273 1070 308 USTINI

300 357 380 399 sito
394 354 559 398 tamdiu
573 354 794 415 proeliatus
808 365 869 399 est
878 389 889 411 ,
902 355 1040 398 donec
1052 370 1165 408 eum,
1181 369 1204 396 a
1216 369 1302 411 quo
1312 353 1562 396 vulneratus
1575 350 1661 392 fuc-

301 443 385 488 rat,
411 433 642 477 occideret.
661 435 840 477 Curatio
857 433 1048 476 vulneris
1065 433 1238 493 gravior
1255 433 1347 492 ipso
1364 431 1543 474 vulnere
1563 430 1656 473 fuit.

363 515 419 556 X.
446 514 599 572 Itaque
624 529 676 556 ex
702 529 859 573 magna
887 511 1189 571 desperatione
1210 511 1385 554 tandem
1412 509 1540 553 saluti
1563 506 1661 551 red-

301 591 435 647 ditus,
469 591 821 652 Polyperchonta
848 607 947 634 cum
977 590 1167 633 exercitu
1204 588 1486 648 Babyloniam
1514 587 1660 631 mittit.

303 671 420 730 Ipse,
445 686 544 713 cum
573 669 806 713 lectissima
842 685 975 712 manu
1004 668 1184 712 navibus
1213 669 1476 721 conscensis,
1500 665 1663 710 Oceani

305 747 432 792 litora
456 758 670 809 peragrat.
699 749 850 804 Quum
874 748 1061 791 venisset
1088 747 1142 791 ad
1168 748 1321 791 urbem
1350 745 1572 806 Ambigeri
1599 760 1667 787 re-

306 828 393 887 gis,
418 827 628 888 oppidani
656 828 865 871 invictum
891 828 1005 870 ferro
1028 828 1278 881 audientes,
1303 827 1477 886 sagittas
1499 840 1667 867 veneno

307 915 496 960 armant,
522 916 650 965 atque
675 907 734 949 ita
751 907 924 966 gemino
948 907 1099 949 mortis
1126 904 1326 959 vulnere,
1351 906 1519 948 hostem
1538 920 1561 946 a
1576 919 1671 945 mu-

307 987 364 1028 ris
384 986 712 1039 submoventes,
736 984 947 1044 plurimos
962 985 1242 1028 interficiunt.
1258 986 1406 1041 Quum
1430 985 1543 1026 inter
1563 981 1671 1025 mul-

309 1073 373 1107 tos
387 1063 640 1107 vulneratus
659 1064 788 1107 etiam
806 1063 1063 1107 Ptolemaeus
1078 1073 1204 1118 esset,
1224 1064 1547 1121 moriturusque
1566 1062 1673 1121 jam-

305 1147 394 1203 jam
427 1142 668 1197 videretur,
698 1159 776 1203 per
799 1144 989 1202 quietem
1014 1143 1103 1203 regi
1134 1150 1373 1185 monstrata
1403 1141 1448 1183 in
1484 1139 1673 1183 remedia

310 1221 464 1264 veneni
488 1220 622 1264 herba
649 1230 728 1277 est,
756 1238 841 1281 qua
870 1223 913 1264 in
944 1231 1052 1282 potu
1083 1230 1280 1281 accepta,
1310 1220 1454 1263 statim
1481 1218 1674 1279 periculo

311 1298 517 1342 liberatus
542 1309 626 1353 est3
650 1301 877 1360 majorque
905 1317 1003 1360 pars
1025 1302 1236 1344 exercitus
1263 1300 1347 1343 hoc
1373 1298 1565 1342 remedio
1589 1314 1676 1341 ser—

312 1387 423 1421 vata.
446 1380 706 1439 Expugnata
729 1379 885 1423 deinde
905 1381 1032 1433 urbe,
1048 1397 1243 1423 reversus
1264 1381 1308 1422 in
1332 1395 1481 1433 naves,
1501 1382 1677 1423 Oceano

313 1456 547 1501 libamenta
574 1458 713 1511 dedit,
743 1476 999 1519 prosperum
1031 1461 1073 1502 in
1102 1461 1285 1519 patriam
1314 1458 1504 1501 reditum
1530 1474 1678 1518 preca-

314 1546 408 1590 tus;
434 1552 484 1579 ac
513 1535 649 1579 veluti
685 1553 817 1580 curru
844 1538 958 1581 circa
987 1548 1147 1581 metam
1177 1547 1292 1591 acto,
1325 1538 1474 1598 positis
1508 1537 1679 1597 imperii

314 1617 525 1671 terminis,
541 1626 756 1675 quatenus
770 1627 843 1660 aut
864 1627 1076 1660 terrarum
1091 1617 1345 1661 solitudines
1360 1617 1534 1677 prodire
1549 1632 1681 1676 passae

313 1703 434 1750 sunt,
459 1705 533 1738 aut
561 1712 680 1739 mare
714 1696 958 1756 navigabile
987 1697 1088 1749 fuit,
1119 1697 1307 1740 secundo
1335 1706 1439 1740 aestu
1465 1697 1577 1739 ostio
1604 1695 1683 1738 flu-

317 1775 446 1817 minis
469 1774 568 1817 Indi
592 1775 825 1819 invehitur.
850 1777 915 1819 Ibi
940 1777 982 1819 in
1000 1787 1284 1820 monumenta
1310 1793 1455 1819 rerum
1485 1793 1507 1819 a
1531 1792 1575 1819 se
1595 1792 1685 1836 ges-

318 1863 480 1908 tarum,
506 1854 660 1897 urbem
686 1857 853 1897 Barcen
887 1855 1103 1910 condidit3
1135 1872 1315 1915 arasque
1342 1856 1511 1907 statuit,
1535 1853 1684 1898 relicto

317 1949 368 1976 ex
397 1949 581 1975 numero
617 1935 880 1990 amicorum,
910 1933 1152 1977 litoralibus
1176 1935 1297 1977 Indis
1325 1934 1540 1994 praefecto.
1578 1934 1686 1976 Inde

317 2013 399 2055 iter
430 2022 632 2055 terrestre
666 2012 883 2068 facturus,
918 2030 1054 2073 quum
1090 2013 1208 2056 arida
1239 2013 1332 2056 loca
1362 2013 1494 2056 medii
1522 2014 1686 2056 itineris

317 2089 588 2146 dicerentur,
619 2101 772 2151 puteos
801 2093 1061 2151 opportunis
1088 2091 1192 2135 locis
1219 2091 1310 2134 ficri
1343 2092 1560 2152 praecipit,
1594 2092 1689 2150 qui-

318 2168 397 2213 bus
426 2171 589 2230 ingenti
620 2170 735 2214 dulci
774 2187 887 2230 aqua
920 2172 1114 2225 inventa,
1142 2170 1425 2230 Babyloniam
1463 2171 1586 2214 redit.
1623 2170 1688 2213 Ibi

319 2248 465 2293 multae
490 2250 667 2293 devictae
693 2260 843 2310 gentes
860 2251 1084 2310 praefectos
1100 2267 1197 2293 suos
1222 2259 1559 2294 accusaverunt:
1582 2265 1689 2309 quos

320 2329 408 2371 sine
424 2339 624 2388 respectu
643 2330 842 2372 amicitiae
858 2329 1103 2373 Alexander
1126 2330 1169 2372 in
1193 2339 1427 2388 conspectu
1446 2329 1690 2390 legatorum

321 2408 464 2449 necari
489 2408 629 2466 jussit.
657 2407 812 2450 Filiam
840 2418 935 2467 post
962 2410 1050 2452 haec
1076 2409 1198 2453 Darii
1229 2409 1367 2469 regis,
1393 2409 1617 2462 Statiram,
1645 2409 1688 2451 in

323 2487 649 2530 matrimonium
675 2488 835 2547 recepit
866 2505 873 2530 :
908 2489 980 2531 sed
1015 2499 1055 2531 et
1087 2488 1369 2548 optimatibus
1397 2487 1689 2531 Macedonum

322 2564 452 2608 lectas
477 2583 528 2608 ex
562 2567 763 2609 omnibus
790 2568 991 2626 gentibus
1027 2567 1315 2610 nobilissimas
1339 2568 1529 2628 virgines
1556 2565 1687 2610 tradi·

325 2644 405 2699 dit,
430 2654 475 2688 ut
501 2647 721 2689 communi
753 2645 864 2689 facto
888 2648 1052 2690 crimen
1081 2648 1192 2706 regis
1215 2646 1443 2690 levaretur.
