1783 3282
315 230 340 274 ij
813 231 885 265 DE
922 231 1187 267 JUSTINO.

314 315 585 357 recentiores.
616 313 769 372 Neque
802 313 1031 358 verisimile
1073 314 1269 370 videtur,
1302 316 1520 357 Justinum
1541 329 1686 356 emen-

313 402 443 445 dandi
464 417 591 444 causa
609 418 718 461 opus
737 419 862 445 suum
883 402 938 446 ad
959 404 1263 463 imperatorem
1283 403 1455 445 mittere
1477 400 1661 444 voluisse
1675 435 1686 457 ,

314 489 429 549 quod
457 490 501 532 in
527 489 778 549 praefatione
804 492 972 547 innuit,
999 492 1033 533 si
1063 507 1155 533 eam
1181 507 1269 533 non
1297 491 1442 549 potius
1470 490 1523 532 ad
1545 491 1685 533 virum

312 577 497 637 aliquem
519 577 696 621 doctum
723 578 836 621 illius
859 580 1022 634 aetatis,
1047 579 1214 637 sibique
1242 580 1450 633 amicum,
1478 595 1609 637 quam
1633 579 1687 622 ad

311 668 521 709 Caesarem
543 666 713 710 direxit.

374 754 472 796 Non
510 755 646 814 magis
676 764 846 797 certum
876 764 958 807 est,
992 754 1110 813 quod
1146 754 1365 796 Martinus
1398 753 1614 807 Polonus,
1644 767 1683 799 et

308 841 542 886 Gualterus
559 842 704 885 Burlei
739 841 966 902 Anglicus,
991 840 1101 884 libro
1122 843 1191 884 De
1207 841 1311 884 vitis
1320 841 1682 903 philosophorum

306 932 525 990 {quianno
549 934 664 991 1274
681 930 822 973 editus
843 931 921 973 fuit
944 930 995 972 ab
1019 932 1065 973 A.
1085 929 1382 989 Terfsornen),
1402 947 1494 989 cap.
1509 933 1685 975 cxxvaf-

306 1019 480 1061 firmant
493 1019 624 1078 Trogi
640 1002 899 1078 discipulum
912 1018 1052 1061 fuisse.
1064 1018 1281 1060 Justinum
1292 1016 1475 1061 libenter
1489 1020 1685 1078 sequitur

306 1107 511 1161 Orosius,
529 1107 724 1148 imitatur
738 1107 851 1148 Saxo
871 1106 1212 1161 Grammaticus,
1235 1115 1283 1148 ut
1302 1106 1346 1148 in
1365 1107 1479 1149 notis
1497 1106 1551 1150 ad
1566 1107 1684 1151 hunc

305 1193 565 1253 Stephanius
591 1194 751 1253 passim
784 1203 920 1236 notat.
948 1195 1108 1236 Parum
1141 1193 1350 1237 credibile
1379 1204 1465 1249 est,
1495 1195 1614 1255 quod
1640 1197 1682 1240 in

304 1281 451 1325 codice
487 1280 890 1341 Magliabequiano,
929 1291 1035 1324 teste
1068 1282 1172 1325 Abr.
1204 1283 1456 1339 Gronovio,
1494 1283 1684 1328 traditur

304 1372 525 1414 Justinum
566 1369 873 1431 philosophum
917 1368 1248 1414 celeberrimum
1294 1381 1336 1414 et
1375 1374 1509 1432 Trogi
1554 1372 1683 1416 fuisse

305 1457 594 1519 discipulum,
642 1456 781 1501 multo
821 1459 991 1513 minus,
1036 1458 1153 1517 quod
1197 1458 1451 1503 Gualterius
1498 1460 1682 1504 Burleus

305 1549 497 1607 scripsit,
519 1547 671 1591 filium.

366 1636 584 1679 Justinum
616 1636 693 1679 sub
730 1636 952 1679 Antonino
981 1636 1134 1679 vixisse
1162 1635 1391 1697 Philippus
1425 1640 1681 1699 Bergamas,

302 1739 351 1766 ac
371 1726 436 1767 Jo.
461 1726 732 1779 Aventinus,
759 1725 802 1767 in
830 1725 880 1766 iis
901 1740 996 1783 quae
1023 1723 1076 1766 de
1105 1725 1390 1785 scriptoribus
1420 1726 1562 1786 primo
1591 1730 1680 1771 An-

302 1810 464 1855 nalium
494 1810 604 1854 libro
640 1813 890 1872 praemittit,
920 1811 1139 1855 tradidere
1172 1829 1180 1854 :
1212 1813 1297 1855 imo
1327 1812 1441 1856 idem
1466 1815 1556 1873 jam
1582 1826 1681 1858 ante

302 1916 438 1942 annos
466 1900 806 1960 quadringentos
834 1901 877 1942 in
907 1900 1127 1944 Chronico
1157 1917 1235 1943 suo
1262 1901 1434 1961 scripsit
1461 1904 1679 1946 Martinus

301 1987 516 2042 Polonus;
549 1988 624 2031 sed
659 1988 776 2048 quod
819 1988 932 2031 idem
967 1989 1186 2032 Justinum
1223 1989 1341 2031 hunc
1376 2006 1476 2032 cum
1508 1992 1679 2034 Justino

302 2086 490 2136 martyre
517 2076 738 2132 confudit,
777 2076 913 2120 foedus
950 2094 1073 2120 error
1103 2087 1190 2131 est,
1221 2094 1356 2136 quum
1384 2078 1454 2120 hic
1484 2080 1557 2137 qui
1588 2080 1679 2139 epi-

303 2174 447 2209 tomen
469 2166 659 2226 scripsit,
682 2166 725 2208 in
744 2165 814 2219 iis,
837 2182 930 2225 quae
949 2164 1060 2209 libro
1081 2182 1216 2209 xxxvl
1237 2166 1291 2209 de
1310 2168 1453 2221 Mose,
1468 2167 1677 2226 Josepho,

301 2264 345 2297 et
380 2253 588 2297 Israelitis
630 2255 782 2308 tradit,
815 2253 942 2314 plane
980 2255 1206 2315 scripturis
1239 2254 1493 2297 adversetur
1523 2272 1531 2297 :
1563 2255 1679 2298 unde

300 2341 437 2402 liquet
459 2342 590 2385 fuisse
614 2341 838 2402 gentilem,
862 2352 1097 2403 aperteque
1121 2344 1233 2386 inter
1253 2360 1324 2387 eos
1346 2343 1399 2386 ab
1420 2344 1576 2387 Orosio
1600 2360 1680 2387 nu-

300 2440 491 2474 meratur
524 2447 532 2472 ε
576 2441 624 2474 ut
660 2431 712 2474 de
747 2447 797 2474 eo
834 2431 942 2475 nihil
980 2431 1145 2488 dicam,
1182 2431 1300 2492 quod
1331 2432 1480 2475 beatus
1508 2433 1678 2492 Martyr

300 2517 408 2561 nihil
432 2517 563 2562 latine
585 2520 802 2580 scripsisse
826 2519 998 2563 videtur
1020 2537 1028 2562 :
1056 2520 1157 2563 item
1181 2520 1299 2580 quod
1318 2519 1555 2574 Eusebius,
1578 2520 1679 2562 Hie-

301 2622 528 2665 ronmeS,
556 2607 760 2663 Photius,
795 2622 1007 2665 nusquam
1035 2608 1147 2652 hanc
1180 2609 1400 2668 epitomen
1425 2608 1537 2650 inter
1563 2624 1674 2650 mai·—
