1783 3282
284 247 331 288 54
873 242 1060 277 JUSTINI

283 337 393 384 rata,
420 342 589 370 summa
613 341 717 369 cura
738 324 916 369 classem
944 325 1138 379 instruit,
1162 332 1290 383 atque
1325 325 1384 367 ita
1413 325 1457 366 in
1482 322 1642 366 bellum

281 406 485 450 adversus
507 403 856 448 Lacedaemonios
879 404 1034 464 pergit.

344 486 420 528 IV.
449 486 544 527 Jam
572 483 683 527 Sesti
706 482 933 527 Mindarus
957 490 1000 524 et
1024 480 1349 534 Pharnabazus,
1372 480 1644 523 Lacedaemo-

282 564 455 606 niorum
485 563 633 616 duces,
667 561 888 605 instructis
917 559 1101 602 navibus
1130 559 1451 618 exspectabant.
1485 557 1644 602 Proelio

280 642 530 697 commisso,
556 640 738 684 victoria
765 654 896 698 penes
926 637 1211 681 Athenienses
1243 636 1338 678 fuit.
1368 639 1420 679 In
1452 653 1502 679 eo
1530 635 1644 679 bello

280 721 419 780 major
452 735 550 780 pars
586 718 818 773 exercitus,
861 725 903 759 et
931 732 1081 759 omnes
1112 715 1247 758 ferme
1286 715 1479 757 hostium
1515 714 1644 757 duces

281 800 402 843 caesi:
422 815 551 841 naves
574 813 685 842 Lxxx
698 806 847 856 raptae.
870 796 1111 855 Interjectis
1125 810 1298 854 quoque
1319 793 1488 848 diebus,
1509 809 1643 854 quum

278 876 442 922 bellum
478 876 793 921 Lacedaemonii
829 892 852 918 a
885 875 992 918 mari
1022 875 1067 916 in
1103 883 1263 917 terram
1293 871 1645 923 transtulissent,

282 958 435 1002 iterato
454 958 703 1000 vincuntur.
727 957 804 998 His
824 953 947 997 malis
968 953 1113 1008 fracti,
1130 969 1280 1013 pacem
1302 953 1466 1012 petiere
1488 969 1645 1012 :quam

280 1052 334 1079 ne
363 1036 627 1095 acciperent,
648 1049 780 1093 opera
803 1048 953 1076 eorum
975 1031 1178 1075 effectum
1208 1040 1290 1086 est,
1319 1031 1475 1090 quibus
1503 1047 1551 1074 ea
1579 1048 1645 1074 res

281 1123 490 1173 quaestum
517 1112 761 1173 praestabat.
798 1114 969 1155 Interea
1002 1120 1045 1154 et
1078 1112 1452 1171 Syracusanorum
1488 1109 1645 1153 auxilia

283 1191 447 1235 illatum
465 1208 490 1235 a
511 1190 942 1251 Carthaginiensibus
960 1188 1115 1233 Siciliae
1137 1188 1300 1232 bellum
1319 1188 1499 1232 domum
1523 1205 1646 1232 revo-

281 1271 394 1314 cavit
417 1287 426 1313 :
445 1269 602 1330 quibus
625 1269 755 1312 rebus
784 1269 1001 1312 destitutis
1024 1268 1381 1323 Lacedaemoniis,
1400 1267 1646 1312 Alcibiades

281 1365 380 1392 cum
399 1347 531 1392 classe
554 1348 724 1391 victrici
748 1348 893 1391 Asiam
916 1356 1053 1390 vastat
1074 1363 1082 1389 :
1109 1346 1256 1390 multis
1282 1346 1386 1390 locis
1412 1346 1563 1407 proelia
1584 1347 1645 1390 fa-

282 1428 366 1471 cit:
389 1427 549 1486 ubique
572 1428 712 1470 victor
731 1427 883 1486 recipit
906 1427 1100 1469 civitates
1125 1442 1221 1485 quae
1241 1425 1489 1469 defecerant
1509 1443 1518 1468 ε
1542 1443 1646 1469 non-

283 1505 422 1549 nullas
446 1507 581 1565 capit,
605 1515 648 1548 et
676 1506 858 1565 imperio
881 1505 1213 1548 Atheniensium
1238 1504 1411 1564 adjicit:
1437 1515 1567 1564 atque
1587 1506 1646 1548 ita

283 1585 421 1643 prisca
450 1583 591 1626 navali
623 1583 760 1644 gloria
789 1583 1026 1639 vindicata,
1054 1583 1223 1643 adjecta
1251 1585 1381 1627 etiam
1406 1583 1533 1627 laude
1562 1594 1647 1627 ter-

282 1663 429 1706 restris
451 1661 572 1717 belli,
595 1661 861 1706 desideratus
885 1662 1048 1706 civibus
1073 1662 1160 1705 suis
1183 1663 1373 1706 Athenas
1398 1665 1644 1707 revertitur.

282 1741 357 1785 His
383 1742 584 1785 omnibus
615 1740 776 1802 proeliis
807 1741 1002 1785 ducentae
1037 1757 1166 1784 naves
1198 1741 1407 1798 hostium,
1435 1752 1478 1785 et
1504 1743 1647 1803 praeda

282 1821 432 1880 ingens
465 1830 604 1880 capta.
634 1820 701 1863 Ad
725 1820 843 1863 hunc
876 1819 1097 1863 redeuntis
1124 1822 1337 1863 exercitus
1372 1822 1645 1881 triumphurn

281 1899 415 1942 offusa
442 1900 582 1942 omnis
620 1898 855 1942 multitudo
893 1899 1066 1941 obviam
1099 1899 1314 1958 procedit,
1349 1909 1391 1942 et
1425 1901 1647 1944 universos

282 1977 457 2036 quidem
491 1976 668 2034 milites,
693 1978 911 2038 praecipue
936 1987 1079 2020 tamen
1109 1976 1376 2021 Alcibiadem
1400 1979 1643 2022 mirantur:

282 2057 326 2098 in
356 2056 473 2099 hunc
500 2055 648 2100 oeulos
682 2057 832 2099 civitas
860 2057 1077 2111 universa,
1110 2057 1155 2100 in
1188 2057 1305 2100 hunc
1333 2074 1540 2117 suspensa
1571 2075 1644 2101 ora

282 2136 497 2178 convertit
515 2152 523 2177 :
540 2136 657 2178 hunc
681 2136 802 2195 quasi
822 2135 874 2178 de
896 2134 1003 2179 coelo
1025 2137 1202 2179 missum
1219 2170 1230 2190 ,
1252 2145 1295 2179 et
1317 2146 1366 2178 ut
1392 2138 1528 2196 ipsam
1546 2139 1648 2181 vic„

283 2214 437 2256 toriam
463 2223 727 2257 contuentur
751 2231 758 2257 :
784 2214 965 2257 laudant
986 2231 1079 2274 quae
1108 2230 1187 2274 pro
1214 2216 1375 2275 patria,
1396 2233 1476 2259 nec
1503 2218 1647 2259 minus

282 2293 553 2336 admirantur
577 2308 669 2352 quae
699 2292 818 2337 exsul
851 2304 1003 2337 contra
1036 2295 1237 2354 gesserit,
1261 2305 1514 2338 excusantes
1539 2297 1646 2355 ipsi,

282 2372 440 2415 iratum
462 2382 830 2432 provocatumque
858 2372 1019 2416 fecisse.
1042 2374 1275 2416 Enimvero
1300 2383 1468 2417 tantum
1492 2377 1535 2417 in
1560 2391 1647 2417 uno

282 2451 375 2493 viro
404 2448 530 2493 fuisse
554 2452 780 2506 momenti,
801 2461 849 2494 ut
874 2452 1049 2494 maximi
1074 2453 1243 2512 imperii
1266 2453 1459 2496 subversi
1487 2463 1530 2496 et
1552 2470 1647 2496 rur-

282 2545 375 2571 sum
396 2529 560 2589 recepti
583 2539 736 2573 auctor
755 2539 885 2584 esset;
912 2540 954 2572 ct
977 2530 1091 2573 unde
1113 2532 1318 2587 stetisset,
1338 2548 1388 2575 eo
1407 2548 1449 2574 se
1467 2533 1646 2575 victoria

283 2607 550 2663 transferret3
573 2607 780 2668 fieretque
804 2625 902 2651 cum
928 2625 977 2650 co
1004 2610 1110 2651 mira
1143 2609 1337 2669 quasdam
1365 2610 1549 2653 sortunae
1579 2611 1645 2652 in-
