1783 3282
293 268 364 291 202
756 255 901 290 NOTAE
929 255 981 289 IN
1014 254 1205 289 JUSTINI

289 341 430 375 habent
449 337 704 385 Ariafernenz,
720 338 819 373 sacili
836 339 953 385 lapsu.
974 337 1050 371 Uni
1070 338 1357 382 suprascriptum
1372 335 1571 383 legendum
1591 348 1668 370 esse

297 401 565 448 Tisaphernem
576 400 676 435 idem
696 400 814 434 docet.
831 400 917 433 Haec
935 398 1010 432 duo
1031 396 1185 431 nomina
1204 408 1321 442 graeca
1335 404 1419 431 sunt
1433 410 1440 431 ε
1455 397 1668 444 Artapher-

289 476 354 498 nes
376 475 422 497 ex
448 467 560 513 ἁρτάς,
582 474 754 509 magnus,
780 468 815 495 et
841 465 950 509 φερνή,
986 459 1074 502 (105,
1106 470 1171 492 seu
1197 463 1292 507 φρτζν,
1317 470 1440 502 mens,
1465 458 1669 505 sapientia,

289 523 502 568 metathesi,
516 521 714 566 conflatur,
727 522 820 556 sicut
832 519 1066 561 Artabanus,
1083 531 1129 553 ex
1143 522 1241 567 ἀρτές
1254 525 1290 552 et
1302 525 1370 557 Πάν
1380 550 1389 565 ,
1401 531 1557 566 magnus
1575 522 1669 564 Pan,

297 585 548 632 Tisaphernem*
567 597 613 619 ex
636 583 766 618 eadem
784 593 876 616 voce
901 587 993 631 φερνή
1014 580 1073 614 vel
1086 585 1179 630 φρήν,
1198 586 1234 614 et
1255 586 1330 626 τίω,
1348 580 1517 625 honoro,
1530 582 1647 628 punio
1660 609 1669 625 ,

288 647 465 690 ulciscor,
484 646 652 681 retribuo
664 671 673 688 ‚
692 649 791 688 τίσις,
819 641 930 685 ultio,
955 653 1086 687 poena,
1108 640 1378 685 remuneratio,
1397 641 1490 676 sicut
1503 649 1669 692 Τισιφόνη,

287 707 400 743 ultrix
425 707 554 749 caedis3
574 706 670 740 male
697 704 810 751 igitur
835 702 1011 749 scriptum
1038 701 1304 748 Tissaphernes
1328 703 1512 750 reperitur
1539 703 1647 738 infra.

340 769 423 804 CAP.
444 769 551 804 XIII.
572 766 718 813 Abydo.
739 764 838 799 Urbs
858 764 950 798 Asiae
964 790 974 807 ,
994 763 1053 797 cui
1066 764 1190 798 Sestos
1214 763 1253 797 in
1278 764 1431 811 Europa
1450 765 1669 812 opponitur,

288 831 336 866 ad
349 830 645 876 Hellespontum.
667 825 836 873 Abydos,
850 823 977 868 Ᾰὲυὸος
997 836 1068 871 pro
1086 821 1206 868 Ᾰὲυθος
1227 825 1287 859 vel
1306 823 1467 871 Ᾰὲυσσος,
1486 832 1540 860 est
1559 826 1669 873 abys-

288 904 366 935 sus,
387 901 519 937 gurges
542 887 696 922 infinitae
718 885 1001 933 profunditatiS,
1025 885 1103 920 sine
1122 885 1261 929 fundo;
1289 886 1408 920 Sestos
1431 893 1573 930 autem,
1593 899 1670 922 vox

286 964 402 1000 graeca
425 956 561 993 Σηστές,
583 949 707 983 cribro
729 953 926 994 purgatu53
947 946 1034 981 ideo
1058 959 1205 993 quoque
1230 947 1418 993 amphorae
1444 948 1667 995 symbolum.

340 1013 421 1048 CAP.
444 1011 544 1046 XIV.
578 1010 701 1044 Victus
721 1008 953 1043 Mardonius.
987 1008 1074 1042 Haec
1101 1015 1155 1042 est
1183 1009 1438 1043 memorabilis
1471 1009 1535 1044 illa
1560 1012 1668 1045 Grae-

288 1085 413 1110 corum
445 1072 493 1107 ad
523 1071 672 1106 Plataeas
700 1069 878 1113 victoria,
904 1069 950 1104 de
983 1080 1056 1116 qua
1077 1069 1279 1113 Herodot.,
1304 1070 1327 1103 l.
1359 1082 1418 1114 1x3
1448 1070 1580 1113 Diod„
1610 1083 1670 1113 xi,

290 1135 357 1179 313
374 1135 488 1177 Plut.‚
509 1133 671 1167 Aristide
679 1144 693 1175 ;
714 1130 752 1165 C.
773 1131 884 1177 Nep„
903 1131 1065 1165 Aristide
1089 1137 1124 1164 et
1144 1131 1361 1173 Pausania,
1384 1143 1476 1177 quos
1500 1131 1606 1175 vide,
1634 1140 1668 1166 et

287 1195 426 1239 Strab.,
446 1195 469 1229 l.
487 1206 548 1236 1x;
567 1200 603 1228 et
620 1194 722 1228 Paus.
738 1191 934 1227 Laconicis
952 1198 988 1226 et
1012 1191 1195 1226 Boeotieis.
1217 1191 1459 1226 Interfectum
1479 1205 1523 1227 eo
1537 1194 1670 1239 proelio

286 1256 548 1300 Mardonium,
570 1261 703 1302 praeter
722 1253 901 1297 Ctesiam,
916 1253 1082 1288 scribunt
1104 1265 1256 1288 omnes:
1278 1254 1378 1287 hunc
1396 1254 1563 1300 sequitur
1586 1267 1672 1289 auc-

287 1326 347 1353 tor
371 1325 508 1352 noster.
535 1316 674 1350 Ctesias
698 1314 941 1349 Mardonium
968 1315 1204 1349 vulneratum
1234 1314 1435 1361 aufugisse,
1460 1322 1495 1349 et
1524 1322 1671 1362 postea,

288 1392 401 1427 quum
419 1378 468 1414 ad
490 1377 674 1425 Apollinis
699 1376 815 1411 aedem
841 1375 1091 1423 diripiendam
1111 1375 1241 1410 missus
1262 1383 1374 1419 esset,
1399 1376 1582 1423 grandine
1604 1389 1671 1423 op—

287 1453 470 1488 pressmn,
485 1440 576 1474 sicut
587 1439 753 1485 gigantes
767 1438 807 1472 in
829 1437 976 1484 Campis
992 1437 1145 1483 lapideis
1157 1464 1166 1480 ,
1180 1437 1332 1483 periisse
1350 1445 1487 1472 narrat.
1509 1438 1552 1471 In
1568 1450 1670 1484 proe—

287 1503 337 1536 lio
364 1500 602 1535 Marathonio
627 1499 801 1534 cecidisse
824 1498 1063 1533 Mardonium
1084 1498 1207 1545 lapide
1230 1498 1343 1532 ictum
1364 1499 1422 1533 vel
1441 1511 1530 1533 saxo
1552 1500 1670 1534 obru—

286 1571 364 1598 tum
377 1563 424 1597 ab
439 1562 649 1596 Arimnesto
664 1560 829 1607 quodam
847 1562 1050 1606 Spartano,
1062 1559 1112 1594 ait
1133 1560 1227 1593 Plut.
1242 1586 1251 1603 ,
1270 1561 1306 1593 in
1328 1561 1500 1594 Aristide.
1522 1562 1672 1595 Nomen

286 1624 400 1672 igitur
419 1623 615 1657 illardonc'i
638 1621 739 1656 idem
758 1634 799 1655 ac
824 1620 1063 1655 Marathonii
1086 1620 1223 1667 campi,
1239 1621 1274 1654 in
1290 1621 1451 1665 Boeotia,
1465 1621 1488 1656 i.
1508 1634 1538 1657 e.
1563 1622 1671 1656 bovis

287 1685 392 1729 sede,
431 1692 466 1720 et
499 1683 680 1719 Miltiadis
714 1682 890 1726 victoria,
919 1682 981 1728 qui
1011 1682 1065 1716 ibi
1102 1695 1184 1716 cum
1226 1695 1337 1729 parva
1376 1695 1487 1718 manu
1523 1690 1672 1718 centum

287 1747 403 1782 millia
429 1759 474 1782 ex
497 1745 603 1781 Darii
632 1747 826 1780 Persarum
865 1744 962 1791 regis
1003 1745 1167 1779 exercitu
1206 1743 1438 1791 profligavit,
1470 1745 1600 1780 eadem
1632 1757 1673 1779 ac

287 1808 420 1843 Thesei
432 1807 586 1842 victoria
595 1806 803 1853 allegorica,
813 1805 877 1852 qui
886 1812 1029 1840 taurum
1038 1806 1317 1840 Marathonium
1326 1805 1466 1841 ibidem
1475 1806 1671 1853 superavit.

770 1937 824 1970 IN
854 1937 1077 1971 LIBRUM
1107 1937 1187 1970 III.

341 2052 424 2085 CAP.
445 2051 474 2084 I.
503 2049 727 2084 Artabanus.
751 2049 984 2092 Artabanus,
1010 2049 1223 2092 Aristoteli,
1248 2050 1370 2092 Pom„
1398 2063 1436 2094 V,
1468 2062 1531 2093 10,
1557 2054 1672 2085 Arta-

285 2125 408 2161 panes
439 2119 508 2155 cst,
537 2111 663 2146 Ctesiae
694 2114 923 2158 Arlapanus.
947 2111 1036 2156 Ejus
1060 2123 1199 2145 nomen
1234 2111 1363 2158 igitur,
1394 2111 1487 2146 sicut
1514 2118 1672 2162 Αἰγίπαν,

290 2174 487 2208 formatum
509 2179 580 2217 est,
603 2184 736 2219 nempe
762 2185 806 2207 ex
830 2178 915 2218 Πάν,
935 2174 1034 2216 Pan,
1060 2172 1149 2207 deus
1173 2180 1384 2219 pastorum,
1407 2181 1442 2208 et
1466 2178 1581 2225 ἀρτάς,
1596 2188 1673 2210 ma-

289 2248 405 2282 guus,
439 2234 571 2281 gallice
595 2235 629 2268 le
667 2234 799 2268 Grand
822 2235 928 2276 Pan,
955 2245 1112 2280 magnus
1138 2233 1227 2268 deus
1252 2236 1338 2268 Pan.
1365 2235 1422 2269 Ex
1447 2237 1672 2280 Plutarcho,

289 2304 374 2344 post
398 2297 504 2331 Panis
529 2295 740 2339 interitum,
766 2295 842 2329 haec
872 2308 947 2329 vox
972 2295 1097 2329 audita
1123 2302 1175 2329 est
1195 2309 1203 2329 ε
1228 2296 1395 2343 fflagnas
1422 2298 1503 2331 Pan
1526 2299 1670 2333 interiit.

344 2358 427 2392 (ΞΜ).
442 2358 505 2392 IV.
519 2359 676 2404 Propter
689 2364 881 2403 stupratas
902 2356 1063 2403 viragines
1080 2369 1178 2390 suas.
1201 2357 1413 2392 Lactantius
1435 2371 1442 2392 :
1464 2375 1478 2389 «
1495 2362 1529 2393 A
1554 2361 1672 2394 Lace-

290 2419 483 2454 daemoniis
497 2419 651 2453 fortasse
665 2419 873 2453 didicerant
887 2417 976 2452 deos
991 2417 1062 2452 sibi
1074 2430 1119 2452 ex
1134 2418 1275 2453 eventis
1289 2417 1448 2466 fingere,
1463 2420 1542 2466 qui,
1558 2434 1671 2467 quum

289 2480 494 2514 Messenios
515 2479 730 2514 obsiderent
741 2506 750 2523 ‚
765 2485 800 2513 et
818 2477 873 2512 illi
886 2478 1013 2512 furtim
1026 2479 1190 2525 deceptis
1205 2479 1461 2515 obsessoribus
1475 2482 1611 2528 egressi
1624 2482 1672 2517 ad

290 2540 539 2588 diripiendam
564 2540 868 2575 Lacedaemonem
896 2540 1157 2584 cucurrissent,
1185 2554 1205 2576 a
1230 2542 1420 2588 Spartanis
1453 2544 1671 2578 mulieribus

291 2603 406 2649 fugati
428 2609 521 2637 sunt.
543 2602 710 2649 Cognitis
733 2609 854 2636 autem
878 2602 1042 2636 hostium
1062 2603 1224 2646 insidiis,
1244 2605 1517 2639 Lacedaemonii
1537 2619 1669 2652 seque-

292 2666 435 2699 bantur.
459 2664 523 2698 His
544 2671 689 2698 nrmatae
710 2664 880 2698 mulieres
901 2664 1050 2699 obviam
1066 2665 1212 2712 longius
1234 2667 1442 2711 cxivex‘unt3
1457 2680 1535 2713 quae
1557 2681 1669 2716 quum
