<?xml version="1.0" encoding="UTF-8"?>
<!DOCTYPE html PUBLIC "-//W3C//DTD XHTML 1.0 Transitional//EN"
    "http://www.w3.org/TR/xhtml1/DTD/xhtml1-transitional.dtd">
<html xmlns="http://www.w3.org/1999/xhtml" xml:lang="en" lang="en">
 <head>
  <title>
</title>
<meta http-equiv="Content-Type" content="text/html;charset=utf-8" />
  <meta name='ocr-system' content='tesseract 3.04.00' />
  <meta name='ocr-capabilities' content='ocr_page ocr_carea ocr_par ocr_line ocrx_word'/>
</head>
<body>
  <div class='ocr_page' id='page_1' title='image "./historiarumphili01justuoft_0128.png"; bbox 0 0 1783 3282; ppageno 0'>
   <div class='ocr_carea' id='block_1_1' title="bbox 335 275 1103 312">
    <p class='ocr_par' dir='ltr' id='par_1_1' title="bbox 335 275 1103 312">
     <span class='ocr_line' id='line_1_1' title="bbox 335 275 1103 312; baseline -0.005 0"><span class='ocrx_word' id='word_1_1' title='bbox 335 291 348 312; x_wconf 87' lang='lat'>1</span> <span class='ocrx_word' id='word_1_2' title='bbox 362 290 374 312; x_wconf 88' lang='lat'>1</span> <span class='ocrx_word' id='word_1_3' title='bbox 383 290 404 311; x_wconf 94' lang='lat' dir='ltr'>o</span> <span class='ocrx_word' id='word_1_4' title='bbox 917 276 936 308; x_wconf 90' lang='lat' dir='ltr'>J</span> <span class='ocrx_word' id='word_1_5' title='bbox 939 275 1103 310; x_wconf 90' lang='lat' dir='ltr'>USTINI</span> 
     </span>
    </p>
   </div>
   <div class='ocr_carea' id='block_1_2' title="bbox 331 356 1702 2613">
    <p class='ocr_par' dir='ltr' id='par_1_2' title="bbox 331 356 1701 1436">
     <span class='ocr_line' id='line_1_2' title="bbox 332 356 1695 416; baseline -0.003 -15"><span class='ocrx_word' id='word_1_6' title='bbox 332 357 575 416; x_wconf 84' lang='lat' dir='ltr'>multasque</span> <span class='ocrx_word' id='word_1_7' title='bbox 597 356 724 399; x_wconf 90' lang='lat' dir='ltr'>urbes</span> <span class='ocrx_word' id='word_1_8' title='bbox 745 357 882 416; x_wconf 90' lang='lat' dir='ltr'>cepit:</span> <span class='ocrx_word' id='word_1_9' title='bbox 904 366 993 399; x_wconf 85' lang='lat' dir='ltr'>tum</span> <span class='ocrx_word' id='word_1_10' title='bbox 1018 365 1059 398; x_wconf 87' lang='lat' dir='ltr'>et</span> <span class='ocrx_word' id='word_1_11' title='bbox 1082 371 1181 398; x_wconf 88' lang='lat' dir='ltr'>cum</span> <span class='ocrx_word' id='word_1_12' title='bbox 1199 356 1532 414; x_wconf 84' lang='lat' dir='ltr'>Metapontinis,</span> <span class='ocrx_word' id='word_1_13' title='bbox 1557 363 1599 397; x_wconf 89' lang='lat' dir='ltr'>et</span> <span class='ocrx_word' id='word_1_14' title='bbox 1619 356 1695 398; x_wconf 86' lang='lat' dir='ltr'>Pe-</span> 
     </span>
     <span class='ocr_line' id='line_1_3' title="bbox 332 433 1696 491; baseline -0.002 -13"><span class='ocrx_word' id='word_1_15' title='bbox 332 435 505 489; x_wconf 89' lang='lat' dir='ltr'>diculis,</span> <span class='ocrx_word' id='word_1_16' title='bbox 527 445 566 478; x_wconf 89' lang='lat' dir='ltr'>et</span> <span class='ocrx_word' id='word_1_17' title='bbox 590 435 819 489; x_wconf 83' lang='lat' dir='ltr'>Romanis,</span> <span class='ocrx_word' id='word_1_18' title='bbox 842 434 977 477; x_wconf 84' lang='lat' dir='ltr'>foedus</span> <span class='ocrx_word' id='word_1_19' title='bbox 997 434 1317 491; x_wconf 79' lang='lat' dir='ltr'>amicitiamque</span> <span class='ocrx_word' id='word_1_20' title='bbox 1340 433 1454 476; x_wconf 87' lang='lat' dir='ltr'>fecit.</span> <span class='ocrx_word' id='word_1_21' title='bbox 1480 433 1564 477; x_wconf 87' lang='lat' dir='ltr'>Sed</span> <span class='ocrx_word' id='word_1_22' title='bbox 1588 435 1696 476; x_wconf 93' lang='lat' dir='ltr'>Bru-</span> 
     </span>
     <span class='ocr_line' id='line_1_4' title="bbox 333 510 1696 572; baseline -0.001 -16"><span class='ocrx_word' id='word_1_23' title='bbox 333 515 379 557; x_wconf 87' lang='lat' dir='ltr'>tii</span> <span class='ocrx_word' id='word_1_24' title='bbox 406 514 676 572; x_wconf 86' lang='lat' dir='ltr'>Lucanique,</span> <span class='ocrx_word' id='word_1_25' title='bbox 707 529 843 572; x_wconf 89' lang='lat' dir='ltr'>quum</span> <span class='ocrx_word' id='word_1_26' title='bbox 881 510 1041 554; x_wconf 76' lang='lat' dir='ltr'>auxilia</span> <span class='ocrx_word' id='word_1_27' title='bbox 1075 527 1098 553; x_wconf 87' lang='lat' dir='ltr'>a</span> <span class='ocrx_word' id='word_1_28' title='bbox 1132 510 1326 553; x_wconf 88' lang='lat' dir='ltr'>finitimis</span> <span class='ocrx_word' id='word_1_29' title='bbox 1362 513 1696 565; x_wconf 79' lang='lat' dir='ltr'>contraxissent,</span> 
     </span>
     <span class='ocr_line' id='line_1_5' title="bbox 331 589 1696 650; baseline -0.003 -14"><span class='ocrx_word' id='word_1_30' title='bbox 331 593 471 636; x_wconf 86' lang='lat' dir='ltr'>aerius</span> <span class='ocrx_word' id='word_1_31' title='bbox 502 590 663 635; x_wconf 89' lang='lat' dir='ltr'>bellum</span> <span class='ocrx_word' id='word_1_32' title='bbox 697 592 949 650; x_wconf 83' lang='lat' dir='ltr'>repetivere.</span> <span class='ocrx_word' id='word_1_33' title='bbox 988 590 1053 632; x_wconf 90' lang='lat' dir='ltr'>Ibi</span> <span class='ocrx_word' id='word_1_34' title='bbox 1082 605 1158 632; x_wconf 84' lang='lat' dir='ltr'>rex</span> <span class='ocrx_word' id='word_1_35' title='bbox 1185 598 1310 648; x_wconf 80' lang='lat' dir='ltr'>Juxta</span> <span class='ocrx_word' id='word_1_36' title='bbox 1339 589 1491 632; x_wconf 88' lang='lat' dir='ltr'>urbem</span> <span class='ocrx_word' id='word_1_37' title='bbox 1523 589 1696 633; x_wconf 87' lang='lat' dir='ltr'>Pando-</span> 
     </span>
     <span class='ocr_line' id='line_1_6' title="bbox 332 666 1697 728; baseline -0.001 -15"><span class='ocrx_word' id='word_1_38' title='bbox 332 671 459 726; x_wconf 84' lang='lat' dir='ltr'>siam,</span> <span class='ocrx_word' id='word_1_39' title='bbox 477 680 518 713; x_wconf 87' lang='lat' dir='ltr'>et</span> <span class='ocrx_word' id='word_1_40' title='bbox 541 670 701 713; x_wconf 85' lang='lat' dir='ltr'>flumen</span> <span class='ocrx_word' id='word_1_41' title='bbox 717 669 985 721; x_wconf 77' lang='lat' dir='ltr'>Acheronta,</span> <span class='ocrx_word' id='word_1_42' title='bbox 1008 684 1095 710; x_wconf 91' lang='lat' dir='ltr'>non</span> <span class='ocrx_word' id='word_1_43' title='bbox 1118 668 1238 727; x_wconf 84' lang='lat' dir='ltr'>prius</span> <span class='ocrx_word' id='word_1_44' title='bbox 1252 666 1392 710; x_wconf 88' lang='lat' dir='ltr'>fatalis</span> <span class='ocrx_word' id='word_1_45' title='bbox 1412 666 1494 710; x_wconf 93' lang='lat' dir='ltr'>loci</span> <span class='ocrx_word' id='word_1_46' title='bbox 1518 669 1697 728; x_wconf 83' lang='lat' dir='ltr'>cognito</span> 
     </span>
     <span class='ocr_line' id='line_1_7' title="bbox 332 746 1696 808; baseline -0.004 -15"><span class='ocrx_word' id='word_1_47' title='bbox 332 766 530 803; x_wconf 89' lang='lat' dir='ltr'>nomme,</span> <span class='ocrx_word' id='word_1_48' title='bbox 562 765 693 808; x_wconf 88' lang='lat' dir='ltr'>quam</span> <span class='ocrx_word' id='word_1_49' title='bbox 719 747 959 802; x_wconf 88' lang='lat' dir='ltr'>occideret,</span> <span class='ocrx_word' id='word_1_50' title='bbox 986 746 1262 800; x_wconf 82' lang='lat' dir='ltr'>interficitur3</span> <span class='ocrx_word' id='word_1_51' title='bbox 1286 746 1585 804; x_wconf 87' lang='lat' dir='ltr'>moriensque,</span> <span class='ocrx_word' id='word_1_52' title='bbox 1610 762 1696 789; x_wconf 92' lang='lat' dir='ltr'>non</span> 
     </span>
     <span class='ocr_line' id='line_1_8' title="bbox 334 825 1696 888; baseline -0.004 -17"><span class='ocrx_word' id='word_1_53' title='bbox 334 829 376 871; x_wconf 91' lang='lat' dir='ltr'>in</span> <span class='ocrx_word' id='word_1_54' title='bbox 393 829 533 888; x_wconf 87' lang='lat' dir='ltr'>patria</span> <span class='ocrx_word' id='word_1_55' title='bbox 554 827 683 870; x_wconf 89' lang='lat' dir='ltr'>fuisse</span> <span class='ocrx_word' id='word_1_56' title='bbox 711 827 791 870; x_wconf 88' lang='lat' dir='ltr'>sibi</span> <span class='ocrx_word' id='word_1_57' title='bbox 815 825 1105 885; x_wconf 82' lang='lat' dir='ltr'>periculosam</span> <span class='ocrx_word' id='word_1_58' title='bbox 1128 834 1338 879; x_wconf 88' lang='lat' dir='ltr'>mortem,</span> <span class='ocrx_word' id='word_1_59' title='bbox 1362 834 1543 884; x_wconf 88' lang='lat' dir='ltr'>propter</span> <span class='ocrx_word' id='word_1_60' title='bbox 1567 840 1696 883; x_wconf 90' lang='lat' dir='ltr'>quam</span> 
     </span>
     <span class='ocr_line' id='line_1_9' title="bbox 334 902 1698 966; baseline -0.004 -17"><span class='ocrx_word' id='word_1_61' title='bbox 334 908 516 966; x_wconf 87' lang='lat' dir='ltr'>patriam</span> <span class='ocrx_word' id='word_1_62' title='bbox 548 905 737 964; x_wconf 80' lang='lat' dir='ltr'>fugerat,</span> <span class='ocrx_word' id='word_1_63' title='bbox 766 904 991 947; x_wconf 81' lang='lat' dir='ltr'>intellexit.</span> <span class='ocrx_word' id='word_1_64' title='bbox 1027 905 1198 963; x_wconf 89' lang='lat' dir='ltr'>Corpus</span> <span class='ocrx_word' id='word_1_65' title='bbox 1225 904 1316 962; x_wconf 85' lang='lat' dir='ltr'>ejus</span> <span class='ocrx_word' id='word_1_66' title='bbox 1345 903 1498 945; x_wconf 83' lang='lat' dir='ltr'>Thurii</span> <span class='ocrx_word' id='word_1_67' title='bbox 1526 902 1698 962; x_wconf 88' lang='lat' dir='ltr'>publice</span> 
     </span>
     <span class='ocr_line' id='line_1_10' title="bbox 334 981 1697 1044; baseline -0.004 -16"><span class='ocrx_word' id='word_1_68' title='bbox 334 985 606 1044; x_wconf 88' lang='lat' dir='ltr'>redemptum</span> <span class='ocrx_word' id='word_1_69' title='bbox 630 982 863 1042; x_wconf 80' lang='lat' dir='ltr'>sepulturae</span> <span class='ocrx_word' id='word_1_70' title='bbox 881 981 1168 1024; x_wconf 85' lang='lat' dir='ltr'>tradiderunt.</span> <span class='ocrx_word' id='word_1_71' title='bbox 1188 983 1307 1024; x_wconf 92' lang='lat' dir='ltr'>Dum</span> <span class='ocrx_word' id='word_1_72' title='bbox 1328 981 1418 1024; x_wconf 81' lang='lat' dir='ltr'>haec</span> <span class='ocrx_word' id='word_1_73' title='bbox 1443 990 1634 1041; x_wconf 86' lang='lat' dir='ltr'>aguntur</span> <span class='ocrx_word' id='word_1_74' title='bbox 1653 982 1697 1023; x_wconf 89' lang='lat' dir='ltr'>in</span> 
     </span>
     <span class='ocr_line' id='line_1_11' title="bbox 332 1058 1697 1121; baseline -0.003 -15"><span class='ocrx_word' id='word_1_75' title='bbox 332 1063 480 1115; x_wconf 89' lang='lat' dir='ltr'>Italia,</span> <span class='ocrx_word' id='word_1_76' title='bbox 507 1062 724 1121; x_wconf 75' lang='lat' dir='ltr'>Zopyrion</span> <span class='ocrx_word' id='word_1_77' title='bbox 753 1076 946 1119; x_wconf 87' lang='lat' dir='ltr'>quoque,</span> <span class='ocrx_word' id='word_1_78' title='bbox 972 1059 1196 1119; x_wconf 80' lang='lat' dir='ltr'>praefectus</span> <span class='ocrx_word' id='word_1_79' title='bbox 1218 1060 1348 1102; x_wconf 88' lang='lat' dir='ltr'>Ponti</span> <span class='ocrx_word' id='word_1_80' title='bbox 1371 1059 1423 1101; x_wconf 92' lang='lat' dir='ltr'>ab</span> <span class='ocrx_word' id='word_1_81' title='bbox 1450 1058 1697 1102; x_wconf 88' lang='lat' dir='ltr'>Alexandro</span> 
     </span>
     <span class='ocr_line' id='line_1_12' title="bbox 332 1135 1701 1202; baseline -0.003 -18"><span class='ocrx_word' id='word_1_82' title='bbox 332 1143 495 1202; x_wconf 88' lang='lat' dir='ltr'>Magno</span> <span class='ocrx_word' id='word_1_83' title='bbox 520 1137 718 1195; x_wconf 84' lang='lat' dir='ltr'>relictus,</span> <span class='ocrx_word' id='word_1_84' title='bbox 740 1139 928 1182; x_wconf 90' lang='lat' dir='ltr'>otiosum</span> <span class='ocrx_word' id='word_1_85' title='bbox 952 1154 995 1181; x_wconf 88' lang='lat' dir='ltr'>se</span> <span class='ocrx_word' id='word_1_86' title='bbox 1020 1147 1160 1192; x_wconf 86' lang='lat' dir='ltr'>ratus,</span> <span class='ocrx_word' id='word_1_87' title='bbox 1183 1137 1216 1180; x_wconf 91' lang='lat' dir='ltr'>si</span> <span class='ocrx_word' id='word_1_88' title='bbox 1241 1135 1350 1179; x_wconf 89' lang='lat' dir='ltr'>nihil</span> <span class='ocrx_word' id='word_1_89' title='bbox 1376 1146 1417 1179; x_wconf 91' lang='lat' dir='ltr'>et</span> <span class='ocrx_word' id='word_1_90' title='bbox 1439 1138 1529 1196; x_wconf 89' lang='lat' dir='ltr'>ipse</span> <span class='ocrx_word' id='word_1_91' title='bbox 1549 1138 1701 1196; x_wconf 88' lang='lat' dir='ltr'>gessis-</span> 
     </span>
     <span class='ocr_line' id='line_1_13' title="bbox 333 1213 1700 1275; baseline -0.004 -11"><span class='ocrx_word' id='word_1_92' title='bbox 333 1230 416 1273; x_wconf 86' lang='lat' dir='ltr'>set,</span> <span class='ocrx_word' id='word_1_93' title='bbox 443 1219 635 1263; x_wconf 84' lang='lat' dir='ltr'>adunato</span> <span class='ocrx_word' id='word_1_94' title='bbox 663 1235 745 1262; x_wconf 90' lang='lat' dir='ltr'>xxx</span> <span class='ocrx_word' id='word_1_95' title='bbox 785 1216 969 1260; x_wconf 90' lang='lat' dir='ltr'>millium</span> <span class='ocrx_word' id='word_1_96' title='bbox 1001 1216 1214 1270; x_wconf 87' lang='lat' dir='ltr'>exercitu,</span> <span class='ocrx_word' id='word_1_97' title='bbox 1243 1215 1412 1275; x_wconf 86' lang='lat' dir='ltr'>Scythis</span> <span class='ocrx_word' id='word_1_98' title='bbox 1440 1213 1605 1258; x_wconf 92' lang='lat' dir='ltr'>bellum</span> <span class='ocrx_word' id='word_1_99' title='bbox 1636 1217 1700 1259; x_wconf 89' lang='lat' dir='ltr'>in-</span> 
     </span>
     <span class='ocr_line' id='line_1_14' title="bbox 335 1294 1701 1356; baseline -0.002 -15"><span class='ocrx_word' id='word_1_100' title='bbox 335 1298 453 1352; x_wconf 82' lang='lat' dir='ltr'>tulit3</span> <span class='ocrx_word' id='word_1_101' title='bbox 483 1313 701 1356; x_wconf 78' lang='lat' dir='ltr'>caesusque</span> <span class='ocrx_word' id='word_1_102' title='bbox 727 1312 827 1339; x_wconf 92' lang='lat' dir='ltr'>cum</span> <span class='ocrx_word' id='word_1_103' title='bbox 863 1295 1064 1338; x_wconf 89' lang='lat' dir='ltr'>omnibus</span> <span class='ocrx_word' id='word_1_104' title='bbox 1091 1295 1249 1353; x_wconf 89' lang='lat' dir='ltr'>copiis,</span> <span class='ocrx_word' id='word_1_105' title='bbox 1280 1310 1429 1353; x_wconf 86' lang='lat' dir='ltr'>poenas</span> <span class='ocrx_word' id='word_1_106' title='bbox 1460 1303 1620 1338; x_wconf 87' lang='lat' dir='ltr'>temere</span> <span class='ocrx_word' id='word_1_107' title='bbox 1651 1294 1701 1338; x_wconf 92' lang='lat' dir='ltr'>il-</span> 
     </span>
     <span class='ocr_line' id='line_1_15' title="bbox 333 1372 1010 1436; baseline -0.006 -17"><span class='ocrx_word' id='word_1_108' title='bbox 333 1376 409 1420; x_wconf 80' lang='lat' dir='ltr'>lati</span> <span class='ocrx_word' id='word_1_109' title='bbox 433 1375 537 1419; x_wconf 88' lang='lat' dir='ltr'>belli</span> <span class='ocrx_word' id='word_1_110' title='bbox 565 1376 684 1436; x_wconf 84' lang='lat' dir='ltr'>genti</span> <span class='ocrx_word' id='word_1_111' title='bbox 711 1374 895 1417; x_wconf 78' lang='lat' dir='ltr'>innoxiae</span> <span class='ocrx_word' id='word_1_112' title='bbox 918 1372 1010 1415; x_wconf 87' lang='lat' dir='ltr'>luit.</span> 
     </span>
    </p>

    <p class='ocr_par' dir='ltr' id='par_1_3' title="bbox 332 1449 1702 2613">
     <span class='ocr_line' id='line_1_16' title="bbox 397 1449 1699 1513; baseline -0.003 -14"><span class='ocrx_word' id='word_1_113' title='bbox 397 1458 476 1499; x_wconf 93' lang='grc' dir='ltr'>ΠΙ.</span> <span class='ocrx_word' id='word_1_114' title='bbox 504 1458 604 1498; x_wconf 84' lang='lat' dir='ltr'>Haec</span> <span class='ocrx_word' id='word_1_115' title='bbox 631 1470 766 1513; x_wconf 89' lang='lat' dir='ltr'>quum</span> <span class='ocrx_word' id='word_1_116' title='bbox 788 1453 988 1495; x_wconf 88' lang='lat' dir='ltr'>nuntiata</span> <span class='ocrx_word' id='word_1_117' title='bbox 1011 1453 1054 1493; x_wconf 90' lang='lat' dir='ltr'>in</span> <span class='ocrx_word' id='word_1_118' title='bbox 1077 1451 1249 1494; x_wconf 82' lang='lat' dir='ltr'>Parthis</span> <span class='ocrx_word' id='word_1_119' title='bbox 1272 1449 1521 1494; x_wconf 77' lang='lat' dir='ltr'>Alexandro</span> <span class='ocrx_word' id='word_1_120' title='bbox 1544 1462 1699 1508; x_wconf 86' lang='lat' dir='ltr'>essent,</span> 
     </span>
     <span class='ocr_line' id='line_1_17' title="bbox 333 1528 1702 1590; baseline -0.003 -13"><span class='ocrx_word' id='word_1_121' title='bbox 333 1533 536 1578; x_wconf 83' lang='lat' dir='ltr'>simulato</span> <span class='ocrx_word' id='word_1_122' title='bbox 561 1548 765 1586; x_wconf 85' lang='lat' dir='ltr'>moerore,</span> <span class='ocrx_word' id='word_1_123' title='bbox 785 1539 966 1590; x_wconf 84' lang='lat' dir='ltr'>propter</span> <span class='ocrx_word' id='word_1_124' title='bbox 980 1528 1216 1573; x_wconf 84' lang='lat' dir='ltr'>Alexandri</span> <span class='ocrx_word' id='word_1_125' title='bbox 1242 1530 1565 1589; x_wconf 81' lang='lat' dir='ltr'>cognationem,</span> <span class='ocrx_word' id='word_1_126' title='bbox 1586 1546 1702 1573; x_wconf 86' lang='lat' dir='ltr'>exer-</span> 
     </span>
     <span class='ocr_line' id='line_1_18' title="bbox 334 1607 1701 1663; baseline -0.003 -8"><span class='ocrx_word' id='word_1_127' title='bbox 334 1613 438 1655; x_wconf 76' lang='lat' dir='ltr'>citui</span> <span class='ocrx_word' id='word_1_128' title='bbox 467 1628 544 1654; x_wconf 90' lang='lat' dir='ltr'>suo</span> <span class='ocrx_word' id='word_1_129' title='bbox 568 1610 762 1653; x_wconf 90' lang='lat' dir='ltr'>triduum</span> <span class='ocrx_word' id='word_1_130' title='bbox 788 1608 954 1652; x_wconf 83' lang='lat' dir='ltr'>luctum</span> <span class='ocrx_word' id='word_1_131' title='bbox 979 1607 1148 1650; x_wconf 86' lang='lat' dir='ltr'>indixit.</span> <span class='ocrx_word' id='word_1_132' title='bbox 1176 1607 1393 1650; x_wconf 86' lang='lat' dir='ltr'>Omnibus</span> <span class='ocrx_word' id='word_1_133' title='bbox 1422 1607 1599 1663; x_wconf 86' lang='lat' dir='ltr'>deinde,</span> <span class='ocrx_word' id='word_1_134' title='bbox 1626 1625 1701 1652; x_wconf 88' lang='lat' dir='ltr'>ve-</span> 
     </span>
     <span class='ocr_line' id='line_1_19' title="bbox 335 1686 1700 1750; baseline -0.003 -16"><span class='ocrx_word' id='word_1_135' title='bbox 335 1691 399 1733; x_wconf 86' lang='lat' dir='ltr'>lut</span> <span class='ocrx_word' id='word_1_136' title='bbox 423 1698 674 1750; x_wconf 85' lang='lat' dir='ltr'>perpetrato</span> <span class='ocrx_word' id='word_1_137' title='bbox 695 1687 832 1741; x_wconf 90' lang='lat' dir='ltr'>bello,</span> <span class='ocrx_word' id='word_1_138' title='bbox 852 1686 1041 1729; x_wconf 89' lang='lat' dir='ltr'>reditum</span> <span class='ocrx_word' id='word_1_139' title='bbox 1061 1686 1105 1728; x_wconf 89' lang='lat' dir='ltr'>in</span> <span class='ocrx_word' id='word_1_140' title='bbox 1127 1689 1312 1746; x_wconf 84' lang='lat' dir='ltr'>patriam</span> <span class='ocrx_word' id='word_1_141' title='bbox 1333 1688 1700 1747; x_wconf 84' lang='lat' dir='ltr'>exspectantibus,</span> 
     </span>
     <span class='ocr_line' id='line_1_20' title="bbox 334 1765 1701 1830; baseline -0.003 -17"><span class='ocrx_word' id='word_1_142' title='bbox 334 1771 629 1830; x_wconf 86' lang='lat' dir='ltr'>conjugesque</span> <span class='ocrx_word' id='word_1_143' title='bbox 661 1783 710 1810; x_wconf 87' lang='lat' dir='ltr'>ac</span> <span class='ocrx_word' id='word_1_144' title='bbox 747 1765 904 1809; x_wconf 87' lang='lat' dir='ltr'>liberos</span> <span class='ocrx_word' id='word_1_145' title='bbox 942 1783 1041 1809; x_wconf 87' lang='lat' dir='ltr'>suos</span> <span class='ocrx_word' id='word_1_146' title='bbox 1074 1768 1219 1809; x_wconf 87' lang='lat' dir='ltr'>animo</span> <span class='ocrx_word' id='word_1_147' title='bbox 1253 1768 1343 1826; x_wconf 86' lang='lat' dir='ltr'>jam</span> <span class='ocrx_word' id='word_1_148' title='bbox 1378 1766 1701 1826; x_wconf 89' lang='lat' dir='ltr'>quodammodo</span> 
     </span>
     <span class='ocr_line' id='line_1_21' title="bbox 335 1846 1700 1908; baseline -0.002 -16"><span class='ocrx_word' id='word_1_149' title='bbox 335 1846 746 1908; x_wconf 73' lang='lat' dir='ltr'>complectentibus,</span> <span class='ocrx_word' id='word_1_150' title='bbox 775 1846 830 1888; x_wconf 87' lang='lat' dir='ltr'>ad</span> <span class='ocrx_word' id='word_1_151' title='bbox 863 1846 1117 1888; x_wconf 89' lang='lat' dir='ltr'>concionem</span> <span class='ocrx_word' id='word_1_152' title='bbox 1153 1846 1389 1888; x_wconf 86' lang='lat' dir='ltr'>exercitum</span> <span class='ocrx_word' id='word_1_153' title='bbox 1420 1856 1548 1889; x_wconf 82' lang='lat' dir='ltr'>vocat</span> <span class='ocrx_word' id='word_1_154' title='bbox 1580 1863 1588 1889; x_wconf 73' lang='grc' dir='ltr'><strong><em>ε</em></strong></span> <span class='ocrx_word' id='word_1_155' title='bbox 1615 1846 1700 1899; x_wconf 88' lang='lat' dir='ltr'>ibi,</span> 
     </span>
     <span class='ocr_line' id='line_1_22' title="bbox 335 1923 1700 1985; baseline 0.001 -18"><span class='ocrx_word' id='word_1_156' title='bbox 335 1925 489 1970; x_wconf 84' lang='lat' dir='ltr'>«Nihil</span> <span class='ocrx_word' id='word_1_157' title='bbox 505 1936 649 1969; x_wconf 87' lang='lat' dir='ltr'>actum</span> <span class='ocrx_word' id='word_1_158' title='bbox 674 1934 736 1967; x_wconf 86' lang='lat' dir='ltr'>tot</span> <span class='ocrx_word' id='word_1_159' title='bbox 756 1926 939 1985; x_wconf 82' lang='lat' dir='ltr'>egregiis</span> <span class='ocrx_word' id='word_1_160' title='bbox 961 1923 1141 1983; x_wconf 85' lang='lat' dir='ltr'>proeliis,</span> <span class='ocrx_word' id='word_1_161' title='bbox 1157 1925 1238 1979; x_wconf 85' lang='lat' dir='ltr'>ait,</span> <span class='ocrx_word' id='word_1_162' title='bbox 1256 1925 1289 1966; x_wconf 90' lang='lat' dir='ltr'>si</span> <span class='ocrx_word' id='word_1_163' title='bbox 1311 1924 1540 1968; x_wconf 89' lang='lat' dir='ltr'>incolumis</span> <span class='ocrx_word' id='word_1_164' title='bbox 1555 1927 1700 1969; x_wconf 85' lang='lat' dir='ltr'>orien-</span> 
     </span>
     <span class='ocr_line' id='line_1_23' title="bbox 336 2002 1698 2064; baseline -0.002 -14"><span class='ocrx_word' id='word_1_165' title='bbox 336 2005 431 2050; x_wconf 90' lang='lat' dir='ltr'>talis</span> <span class='ocrx_word' id='word_1_166' title='bbox 458 2005 661 2049; x_wconf 86' lang='lat' dir='ltr'>barbaria</span> <span class='ocrx_word' id='word_1_167' title='bbox 697 2002 989 2062; x_wconf 79' lang='lat' dir='ltr'>relinquatur3</span> <span class='ocrx_word' id='word_1_168' title='bbox 1019 2018 1096 2045; x_wconf 92' lang='lat' dir='ltr'>nec</span> <span class='ocrx_word' id='word_1_169' title='bbox 1131 2019 1174 2044; x_wconf 87' lang='lat' dir='ltr'>se</span> <span class='ocrx_word' id='word_1_170' title='bbox 1205 2019 1381 2062; x_wconf 88' lang='lat' dir='ltr'>corpus,</span> <span class='ocrx_word' id='word_1_171' title='bbox 1410 2003 1483 2046; x_wconf 89' lang='lat' dir='ltr'>sed</span> <span class='ocrx_word' id='word_1_172' title='bbox 1516 2020 1698 2064; x_wconf 87' lang='lat' dir='ltr'>regnum</span> 
     </span>
     <span class='ocr_line' id='line_1_24' title="bbox 334 2080 1699 2143; baseline -0.001 -16"><span class='ocrx_word' id='word_1_173' title='bbox 334 2084 479 2137; x_wconf 86' lang='lat' dir='ltr'>Darii,</span> <span class='ocrx_word' id='word_1_174' title='bbox 513 2083 687 2142; x_wconf 74' lang='lat' dir='ltr'>petisse,</span> <span class='ocrx_word' id='word_1_175' title='bbox 725 2080 1133 2141; x_wconf 85' lang='lat' dir='ltr'>persequendosque</span> <span class='ocrx_word' id='word_1_176' title='bbox 1161 2097 1251 2124; x_wconf 87' lang='lat' dir='ltr'>esse</span> <span class='ocrx_word' id='word_1_177' title='bbox 1283 2098 1374 2135; x_wconf 88' lang='lat' dir='ltr'>eos,</span> <span class='ocrx_word' id='word_1_178' title='bbox 1403 2083 1476 2141; x_wconf 89' lang='lat' dir='ltr'>qui</span> <span class='ocrx_word' id='word_1_179' title='bbox 1506 2099 1528 2125; x_wconf 85' lang='lat' dir='ltr'>a</span> <span class='ocrx_word' id='word_1_180' title='bbox 1563 2099 1699 2143; x_wconf 85' lang='lat' dir='ltr'>regno</span> 
     </span>
     <span class='ocr_line' id='line_1_25' title="bbox 332 2159 1701 2220; baseline 0 -15"><span class='ocrx_word' id='word_1_181' title='bbox 332 2162 620 2206; x_wconf 79' lang='lat' dir='ltr'>defecerint.»</span> <span class='ocrx_word' id='word_1_182' title='bbox 643 2163 736 2203; x_wconf 88' lang='lat' dir='ltr'>Hac</span> <span class='ocrx_word' id='word_1_183' title='bbox 759 2160 956 2202; x_wconf 87' lang='lat' dir='ltr'>oratione</span> <span class='ocrx_word' id='word_1_184' title='bbox 979 2159 1098 2202; x_wconf 88' lang='lat' dir='ltr'>velut</span> <span class='ocrx_word' id='word_1_185' title='bbox 1125 2176 1175 2202; x_wconf 90' lang='lat' dir='ltr'>ex</span> <span class='ocrx_word' id='word_1_186' title='bbox 1201 2160 1370 2220; x_wconf 85' lang='lat' dir='ltr'>integro</span> <span class='ocrx_word' id='word_1_187' title='bbox 1397 2161 1586 2204; x_wconf 86' lang='lat' dir='ltr'>incitatis</span> <span class='ocrx_word' id='word_1_188' title='bbox 1609 2164 1701 2205; x_wconf 87' lang='lat' dir='ltr'>ani-</span> 
     </span>
     <span class='ocr_line' id='line_1_26' title="bbox 335 2238 1698 2298; baseline 0 -15"><span class='ocrx_word' id='word_1_189' title='bbox 335 2242 433 2295; x_wconf 82' lang='lat' dir='ltr'>mis,</span> <span class='ocrx_word' id='word_1_190' title='bbox 454 2240 742 2298; x_wconf 71' lang='lat' dir='ltr'>Hyrcaniam,</span> <span class='ocrx_word' id='word_1_191' title='bbox 757 2238 1023 2297; x_wconf 86' lang='lat' dir='ltr'>Mardosque</span> <span class='ocrx_word' id='word_1_192' title='bbox 1041 2239 1222 2298; x_wconf 87' lang='lat' dir='ltr'>subegit.</span> <span class='ocrx_word' id='word_1_193' title='bbox 1239 2239 1303 2281; x_wconf 84' lang='lat' dir='ltr'>Ibi</span> <span class='ocrx_word' id='word_1_194' title='bbox 1323 2240 1359 2281; x_wconf 91' lang='lat' dir='ltr'>ei</span> <span class='ocrx_word' id='word_1_195' title='bbox 1381 2241 1569 2282; x_wconf 86' lang='lat' dir='ltr'>occurrit</span> <span class='ocrx_word' id='word_1_196' title='bbox 1585 2241 1698 2283; x_wconf 81' lang='lat' dir='ltr'>Tha-</span> 
     </span>
     <span class='ocr_line' id='line_1_27' title="bbox 339 2317 1701 2378; baseline 0.001 -18"><span class='ocrx_word' id='word_1_197' title='bbox 339 2318 475 2361; x_wconf 85' lang='lat' dir='ltr'>lestris</span> <span class='ocrx_word' id='word_1_198' title='bbox 494 2318 599 2378; x_wconf 80' lang='lat' dir='ltr'>(sive</span> <span class='ocrx_word' id='word_1_199' title='bbox 623 2317 881 2377; x_wconf 25' lang='lat' dir='ltr'>Minithyall,</span> <span class='ocrx_word' id='word_1_200' title='bbox 900 2318 1165 2360; x_wconf 73' lang='lat' dir='ltr'>Amazonum</span> <span class='ocrx_word' id='word_1_201' title='bbox 1191 2318 1359 2377; x_wconf 84' lang='lat' dir='ltr'>regina,</span> <span class='ocrx_word' id='word_1_202' title='bbox 1384 2334 1483 2361; x_wconf 89' lang='lat' dir='ltr'>cum</span> <span class='ocrx_word' id='word_1_203' title='bbox 1509 2334 1586 2363; x_wconf 88' lang='lat' dir='ltr'>ccc</span> <span class='ocrx_word' id='word_1_204' title='bbox 1606 2336 1701 2362; x_wconf 91' lang='lat' dir='ltr'>mu-</span> 
     </span>
     <span class='ocr_line' id='line_1_28' title="bbox 333 2395 1699 2457; baseline 0.001 -18"><span class='ocrx_word' id='word_1_205' title='bbox 333 2395 530 2451; x_wconf 71' lang='lat' dir='ltr'>neribus,</span> <span class='ocrx_word' id='word_1_206' title='bbox 563 2413 645 2438; x_wconf 87' lang='lat' dir='ltr'>xxv</span> <span class='ocrx_word' id='word_1_207' title='bbox 681 2396 850 2439; x_wconf 87' lang='lat' dir='ltr'>dierum</span> <span class='ocrx_word' id='word_1_208' title='bbox 883 2397 995 2438; x_wconf 87' lang='lat' dir='ltr'>inter</span> <span class='ocrx_word' id='word_1_209' title='bbox 1030 2395 1321 2439; x_wconf 86' lang='lat' dir='ltr'>infestissimas</span> <span class='ocrx_word' id='word_1_210' title='bbox 1357 2406 1506 2457; x_wconf 84' lang='lat' dir='ltr'>gentes</span> <span class='ocrx_word' id='word_1_211' title='bbox 1545 2398 1699 2441; x_wconf 90' lang='lat' dir='ltr'>itinere</span> 
     </span>
     <span class='ocr_line' id='line_1_29' title="bbox 333 2473 1696 2535; baseline 0 -17"><span class='ocrx_word' id='word_1_212' title='bbox 333 2475 557 2526; x_wconf 84' lang='lat' dir='ltr'>confecto,</span> <span class='ocrx_word' id='word_1_213' title='bbox 584 2490 634 2516; x_wconf 84' lang='lat' dir='ltr'>ex</span> <span class='ocrx_word' id='word_1_214' title='bbox 666 2490 765 2534; x_wconf 86' lang='lat' dir='ltr'>rege</span> <span class='ocrx_word' id='word_1_215' title='bbox 800 2473 956 2516; x_wconf 87' lang='lat' dir='ltr'>liberos</span> <span class='ocrx_word' id='word_1_216' title='bbox 990 2475 1222 2532; x_wconf 78' lang='lat' dir='ltr'>quaesitura</span> <span class='ocrx_word' id='word_1_217' title='bbox 1253 2491 1260 2516; x_wconf 90' lang='lat'>:</span> <span class='ocrx_word' id='word_1_218' title='bbox 1290 2476 1412 2534; x_wconf 88' lang='lat' dir='ltr'>cujus</span> <span class='ocrx_word' id='word_1_219' title='bbox 1440 2485 1696 2535; x_wconf 75' lang='lat' dir='ltr'>conspectus</span> 
     </span>
     <span class='ocr_line' id='line_1_30' title="bbox 334 2553 1696 2613; baseline 0 -17"><span class='ocrx_word' id='word_1_220' title='bbox 334 2554 628 2613; x_wconf 82' lang='lat' dir='ltr'>adventusque</span> <span class='ocrx_word' id='word_1_221' title='bbox 655 2554 933 2597; x_wconf 72' lang='lat' dir='ltr'>admirationi</span> <span class='ocrx_word' id='word_1_222' title='bbox 954 2553 1155 2594; x_wconf 85' lang='lat' dir='ltr'>omnibus</span> <span class='ocrx_word' id='word_1_223' title='bbox 1183 2553 1260 2595; x_wconf 88' lang='lat' dir='ltr'>suit</span> <span class='ocrx_word' id='word_1_224' title='bbox 1278 2587 1288 2607; x_wconf 93' lang='lat'>,</span> <span class='ocrx_word' id='word_1_225' title='bbox 1309 2562 1350 2596; x_wconf 82' lang='lat' dir='ltr'>et</span> <span class='ocrx_word' id='word_1_226' title='bbox 1376 2563 1555 2612; x_wconf 82' lang='lat' dir='ltr'>propter</span> <span class='ocrx_word' id='word_1_227' title='bbox 1580 2555 1696 2596; x_wconf 78' lang='lat' dir='ltr'>inso-</span> 
     </span>
    </p>
   </div>
   <div class='ocr_carea' id='block_1_3' title="bbox 336 2632 1696 2690">
    <p class='ocr_par' dir='ltr' id='par_1_4' title="bbox 336 2632 1696 2690">
     <span class='ocr_line' id='line_1_31' title="bbox 336 2632 1696 2690; baseline 0 -16"><span class='ocrx_word' id='word_1_228' title='bbox 336 2632 458 2676; x_wconf 88' lang='lat' dir='ltr'>litum</span> <span class='ocrx_word' id='word_1_229' title='bbox 493 2633 662 2676; x_wconf 86' lang='lat' dir='ltr'>feminis</span> <span class='ocrx_word' id='word_1_230' title='bbox 700 2632 917 2685; x_wconf 84' lang='lat' dir='ltr'>habitum,</span> <span class='ocrx_word' id='word_1_231' title='bbox 942 2641 979 2673; x_wconf 86' lang='lat' dir='ltr'>et</span> <span class='ocrx_word' id='word_1_232' title='bbox 1011 2640 1190 2690; x_wconf 88' lang='lat' dir='ltr'>propter</span> <span class='ocrx_word' id='word_1_233' title='bbox 1227 2633 1464 2690; x_wconf 83' lang='lat' dir='ltr'>expetitum</span> <span class='ocrx_word' id='word_1_234' title='bbox 1491 2633 1696 2674; x_wconf 86' lang='lat' dir='ltr'>concubi-</span> 
     </span>
    </p>
   </div>
  </div>
 </body>
</html>
