1783 3282
489 247 834 283 HISTORIARUM
864 250 951 284 LIB.
978 251 1075 284 XIV.
1406 252 1471 294 137

103 333 268 377 socios:
291 351 312 372 >2
339 348 457 374 nunc
479 331 679 392 «refugia
706 331 856 374 salutis
884 348 990 386 suae,
1012 343 1053 375 et
1085 335 1212 377 unica
1242 334 1474 394 praesidia»

105 428 473 456 commemorans:
496 431 516 452 κ
535 411 658 455 Solos
679 428 790 467 esse,
821 427 1010 471 quorum
1041 413 1201 455 virtute
1232 415 1389 457 Oriens
1420 415 1475 457 sit

103 491 317 545 domitus;
349 490 484 546 solos,
509 493 583 550 qui
605 491 805 535 militiam
828 492 977 535 Liberi
997 492 1152 551 patriS,
1182 493 1255 550 qui
1276 493 1475 536 Herculis

101 580 385 613 monumenta
415 572 693 631 superarint:
718 588 796 631 per
824 571 903 614 hos
934 570 1235 615 Alexandrum
1268 588 1475 631 magnum

102 648 288 703 factum3
319 666 395 709 per
432 651 511 694 hos
540 650 709 694 divinos
738 651 946 706 honores,
977 660 1019 693 et
1055 649 1348 692 immortalem
1383 649 1476 710 glo-

101 728 211 771 riam
233 739 515 772 consecutum
536 747 544 772 :
563 749 583 769 >³
604 741 716 785 orat,
739 733 835 773 «Ut
853 747 940 772 non
963 739 1050 772 tam
1079 729 1233 772 ducem
1264 745 1325 783 se,
1347 745 1475 788 quam

103 807 467 861 commilitonem,
493 809 726 868 recipiant,
752 825 978 868 unumque
1001 825 1052 851 ex
1075 825 1258 868 corpore
1280 825 1358 851 suo
1383 824 1471 850 esse

101 886 249 929 velint.
270 906 290 927 »
312 889 539 947 ‘Receptus
562 888 644 930 hac
668 887 762 948 lege
785 887 1011 947 paullatim
1032 888 1265 948 imperium
1284 888 1475 947 primum

102 966 322 1009 monendo
360 967 576 1028 singUIOS,
614 985 737 1024 mOX,
778 985 872 1027 quae
910 985 1137 1028 perperam
1174 967 1286 1011 facta
1332 976 1475 1020 erant,

100 1044 258 1088 blande
276 1047 535 1106 corrigendo
560 1058 743 1107 usurpat
763 1064 770 1090 :
798 1047 906 1090 nihil
930 1049 973 1090 in
998 1049 1147 1091 castris
1174 1049 1264 1090 sine
1285 1046 1359 1090 illo
1382 1048 1476 1107 agi,

101 1125 209 1168 nihil
240 1125 534 1169 administrari
565 1128 655 1169 sine
685 1126 860 1170 solertia
891 1127 1004 1170 illius
1034 1137 1217 1187 poterat.

164 1206 242 1248 III.
275 1205 343 1249 Ad
383 1215 677 1265 postremum,
711 1223 847 1266 quum
881 1208 1152 1266 Antigonum
1195 1207 1341 1249 venire
1377 1221 1475 1248 cum

103 1285 296 1329 exercitu
328 1287 581 1328 nuntiatum
613 1296 743 1341 esset,
778 1285 1001 1346 compellit
1029 1302 1100 1329 eos
1132 1287 1176 1328 in
1211 1285 1345 1327 aciem
1383 1284 1476 1326 des-

104 1364 301 1408 cendere.
334 1365 400 1407 Ibi
439 1365 544 1407 dum
580 1365 701 1408 ducis
731 1365 915 1424 imperia
947 1374 1253 1419 contemnunt,
1286 1363 1475 1406 hostium

102 1445 266 1487 virtute
305 1453 582 1503 superantur.
617 1446 669 1487 In
707 1461 757 1487 eo
788 1443 942 1504 proelio
978 1460 1066 1486 non
1097 1443 1277 1504 gloriam
1307 1451 1475 1485 tantum

103 1532 167 1567 tot
194 1522 412 1566 bellorum
440 1540 539 1566 cum
568 1524 828 1584 conjugibus
858 1533 900 1566 et
927 1523 1099 1578 liberis,
1129 1523 1203 1565 sed
1231 1532 1272 1565 et
1302 1522 1476 1581 praemia

102 1602 233 1663 longa
252 1602 407 1646 militia
436 1613 563 1664 parta
586 1603 884 1662 perdiderunt.
911 1602 995 1646 Sed
1018 1605 1253 1656 Eumenes,
1279 1602 1352 1660 qui
1375 1616 1477 1643 auc—

103 1694 172 1728 tor
188 1683 322 1727 cladis
339 1694 451 1740 erat,
477 1700 557 1727 nec
577 1683 705 1726 aliam
729 1700 849 1743 spem
871 1682 1019 1726 salutis
1038 1681 1249 1741 reliquam
1272 1681 1476 1733 habebat,

103 1764 242 1806 victos
264 1763 537 1806 hortabatur.
562 1765 677 1807 Nam
693 1783 712 1803 α
728 1773 770 1806 et
785 1764 947 1805 virtute
962 1779 1034 1805 eos
1052 1762 1297 1820 superiores
1316 1759 1477 1802 fuisse»

104 1842 351 1886 affirmabat
384 1860 391 1885 :
434 1844 654 1902 «Quippe
692 1843 744 1885 ab
784 1843 849 1885 his
885 1843 1079 1901 quinque
1118 1839 1252 1883 millia
1287 1840 1475 1882 hostium

103 1939 208 1966 caesa
234 1940 242 1965 :
265 1932 308 1965 et
332 1924 365 1965 si
389 1923 430 1965 in
456 1922 572 1965 bello
596 1932 809 1982 perstent,
832 1921 948 1965 ultro
972 1922 1116 1964 hostes
1141 1936 1290 1980 pacem
1320 1920 1478 1979 petitu-

103 2018 188 2046 ros.
210 2004 404 2057 Damna,
430 2002 588 2061 quibus
614 2018 657 2044 se
685 2003 821 2044 victos
846 2010 1022 2061 putent,
1054 2000 1140 2043 duo
1170 1999 1306 2042 millia
1326 1998 1477 2041 mulie-

103 2097 225 2137 rum,
258 2091 301 2124 et
335 2098 494 2141 paucos
529 2081 735 2135 infantes,
763 2091 805 2124 et
842 2082 1016 2123 servitia
1050 2097 1158 2135 esse,
1197 2096 1291 2138 quae
1324 2077 1477 2120 melius

105 2160 322 2204 vincendo
349 2162 514 2221 possint
532 2177 752 2220 reparare,
780 2177 909 2219 quam
936 2159 1173 2202 deserendo
1199 2158 1477 2201 victoriam.»

103 2240 241 2282 Porro
262 2239 580 2300 Argyraspides
596 2240 777 2298 «Neque
798 2239 943 2299 fugam
972 2255 1015 2281 se
1039 2247 1284 2280 tentaturos
1305 2236 1476 2290 dicunt,

105 2327 201 2377 post
236 2318 393 2361 damna
424 2319 813 2379 patrimoniorum,
844 2328 886 2361 et
919 2327 1013 2377 post
1051 2317 1258 2377 conjuges
1284 2317 1477 2369 amissas,

106 2413 246 2456 neque
278 2396 441 2440 bellum
479 2408 675 2458 gesturos
713 2407 865 2440 contra
896 2397 1055 2440 liberos
1092 2413 1247 2451 suos3»
1276 2395 1478 2454 ultroque

105 2493 203 2520 eum
229 2477 435 2519 conviciis
460 2478 650 2537 agitant,
680 2498 699 2518 t(
717 2477 850 2533 Quod
877 2494 919 2519 se
945 2486 1043 2537 post
1071 2486 1136 2519 tot
1162 2493 1299 2519 annos
1323 2475 1477 2518 emeri-

105 2567 251 2600 torum
277 2556 616 2615 stipendiorum,
639 2556 869 2599 redeuntes
887 2556 1066 2599 domum
1086 2572 1184 2599 cum
1208 2555 1394 2615 praemiis
1416 2564 1473 2595 tot

105 2635 339 2692 bellorum,
378 2636 430 2678 ab
460 2637 547 2695 ipsa
583 2637 785 2678 missione
812 2653 960 2679 rursus
996 2637 1037 2678 in
1082 2653 1237 2679 novam
1280 2634 1476 2677 militiam
