1783 3282
643 267 838 301 LIBRUM
867 269 930 302 xi.
1399 288 1471 323 209

103 343 272 391 implico,
295 345 467 389 involvo,
490 347 640 393 gallice,
668 349 753 392 lier,
773 350 981 384 entortiller
1006 365 1012 383 :
1041 354 1143 398 quod
1163 355 1209 389 ad
1222 356 1356 403 jugum
1379 358 1473 392 Gor·-

101 406 210 440 diani
213 407 381 453 plaustri
401 413 437 441 et
458 407 505 441 ad
527 410 655 455 capita
675 411 959 445 loramentorum
981 412 1078 445 intra
1103 416 1217 449 nodos
1236 417 1471 459 abscondita,

102 466 243 500 alludit.
264 467 344 501 Hoc
367 474 486 502 autem
497 468 629 516 jugum
652 470 783 504 Gordii
802 471 901 506 idem
921 478 975 505 est
993 484 1034 506 ac
1048 473 1168 508 nodus
1188 476 1386 513 Herculeus
1409 491 1472 513 seu

101 526 294 571 draconis,
312 527 352 562 id
372 535 426 563 est
443 530 602 576 ecliptici
626 531 836 567 intersectio
861 532 929 567 sub
948 531 1034 580 jugi
1053 535 1111 568 vel
1134 534 1236 569 librae
1263 538 1379 583 signo.

155 587 238 622 Cu.
268 589 316 623 X.
350 589 438 624 Cum
463 590 601 636 infidis.
631 592 755 639 Regiae
783 592 974 639 dignitatis
1001 593 1218 640 insignibus,
1247 598 1301 632 Ita
1328 601 1471 643 Pollio,

102 648 140 681 in
167 648 345 683 Gallienis
369 650 537 693 duobus,
566 664 595 685 c.
621 665 665 686 10
688 666 694 686 :
721 654 911 688 Odenatus
932 666 1001 687 rex
1020 654 1172 689 obtinuit
1187 657 1292 690 totius
1317 659 1471 695 Orientis

104 709 318 755 imperium,
339 712 439 757 quod
458 724 498 745 se
509 711 804 758 fortibusfactis
826 714 976 761 dignum
996 721 1113 749 tancae
1130 715 1331 760 majestatis
1349 719 1473 764 insulis

102 770 312 805 declaravit.
341 771 480 816 Infuloe
499 772 652 819 proprie
681 773 831 820 quidem
858 775 1127 819 sacerdotibus,
1159 776 1315 812 victimis
1340 780 1474 815 rebus—

104 842 174 876 que
196 831 307 865 sacris
331 831 565 875 tribuuntur,
586 845 799 880 quanquam
825 834 993 881 alioquin
1018 848 1060 870 ea
1086 849 1160 871 vox
1187 839 1393 884 generalius
1411 852 1473 875 ac-

103 891 248 937 cipitur.
284 892 334 926 Ut
367 893 465 939 apud
493 894 747 940 spartianum,
775 895 811 929 in
842 896 1029 939 Adriano,
1060 910 1137 945 cap.
1164 898 1186 932 6
1211 912 1218 932 :
1245 899 1384 944 Infulis
1417 915 1476 936 or—

103 959 212 985 natus
239 953 466 996 Pannonioe,
495 954 568 989 hoc
593 962 646 990 est
678 955 786 990 titulo
818 963 853 990 et
879 956 1085 1004 insignibus
1119 959 1343 1005 praefecturae
1374 964 1474 997 Pan—

101 1012 255 1047 nonicae.
290 1013 381 1048 Vide
406 1015 588 1050 Pancirol.
615 1017 699 1050 Not.
728 1016 838 1064 Dign.

154 1073 445 1121 Abdolonymus.
471 1076 624 1111 Veteres
649 1078 767 1111 nostri
794 1078 886 1113 mire
915 1079 1076 1122 variant,
1108 1087 1149 1114 ut
1174 1080 1215 1115 fit
1242 1082 1280 1115 in
1308 1083 1475 1117 nomini-

102 1135 169 1168 bus
194 1135 366 1181 propriis.
395 1136 456 1171 Sic
483 1137 586 1172 dedit
613 1145 739 1173 nostra
768 1139 884 1173 editio
913 1151 956 1174 ex
982 1140 1067 1175 Ald.
1102 1148 1136 1175 et
1163 1154 1245 1176 mss.
1269 1143 1476 1187 Diodorus,

102 1207 184 1229 xvn
197 1222 206 1239 ‚
230 1195 298 1239 46,
317 1198 578 1242 Ballonymum
591 1205 716 1242 vocat,
736 1211 814 1233 non
834 1199 1006 1244 Sidonis,
1023 1201 1088 1235 sed
1110 1202 1197 1248 Tyri
1222 1215 1347 1250 regem
1367 1217 1476 1239 cons-

101 1256 269 1301 titutum3
298 1257 344 1292 de
370 1270 443 1304 quo
471 1258 579 1293 docte
608 1259 753 1294 disserit
780 1259 920 1295 ibidem
946 1261 1163 1309 Wesseling.
1185 1264 1259 1297 Sed
1284 1264 1375 1298 mihi
1399 1266 1477 1300 luce

103 1317 233 1352 clarius
254 1325 325 1362 est,
347 1331 392 1353 ex
415 1319 640 1366 etymologia
665 1326 700 1354 et
723 1320 898 1364 historia,
926 1334 988 1356 seu
1010 1322 1133 1368 potius
1152 1323 1277 1359 fabula
1297 1325 1476 1371 mythica,

103 1379 174 1412 hoc
203 1391 341 1413 nomen
369 1380 465 1414 male
493 1379 668 1427 scriptum
704 1391 780 1415 esse
812 1381 1095 1428 Abdolonymus
1123 1390 1158 1417 et
1189 1384 1475 1428 Abdalonimus,

103 1439 206 1487 quasi
224 1440 272 1475 ab
286 1459 306 1479 a
319 1440 433 1486 priv.⁷
459 1443 586 1487 βᾶόλος,
606 1439 713 1476 flatus
732 1441 890 1486 ventris,
912 1442 1022 1477 foetor
1040 1443 1228 1479 exstinctae
1239 1445 1412 1489 lucernae,
1444 1454 1477 1481 et

102 1506 218 1551 ὄνυμα,
228 1513 366 1535 nomen
377 1528 387 1545 ‚
404 1501 588 1548 originem
602 1501 769 1545 duceret3
789 1513 1075 1549 persuasumque
1084 1504 1205 1539 habeo
1218 1506 1372 1540 omnino
1381 1507 1474 1541 scri-

103 1562 267 1597 bendum
280 1563 573 1597 Abdallomenus
581 1589 593 1605 ,
608 1563 801 1598 metathesi
814 1564 962 1610 syllabae
975 1577 1063 1610 nym
1076 1566 1135 1599 vel
1147 1566 1224 1599 nim
1237 1565 1275 1600 in
1297 1579 1399 1609 men,
1429 1568 1477 1602 ab

103 1642 124 1662 α
144 1635 278 1670 augm.,
293 1631 329 1658 et
346 1630 439 1670 part.
464 1623 569 1658 verbi
585 1626 732 1670 βδάλλω,
753 1625 879 1668 traho,
898 1637 1006 1672 sugo,
1029 1626 1199 1673 mulgeo:
1220 1626 1278 1661 hic
1298 1640 1363 1661 rex
1378 1629 1477 1662 enim

103 1684 292 1719 fabulosus
317 1697 470 1732 operam
505 1685 679 1719 oblocare
710 1686 764 1718 ad
780 1693 916 1732 puteos
951 1686 1237 1730 exhauriendos,
1275 1688 1477 1735 hortosque

100 1745 311 1792 irrigandos
339 1746 467 1781 solitus
492 1752 589 1789 erat,
608 1745 658 1780 ait
685 1746 864 1790 Justinus3
892 1753 927 1781 et
955 1746 1042 1781 inde
1069 1747 1217 1782 sortitus
1247 1755 1299 1783 est
1326 1762 1475 1784 nornen.

101 1807 186 1840 Haec
211 1806 336 1841 fabula
364 1807 493 1842 eadem
521 1814 575 1841 est
599 1819 639 1841 ac
665 1806 853 1841 Cleanthis
881 1807 1115 1853 philosophi,
1142 1808 1221 1854 qui,
1250 1817 1288 1842 ut
1312 1809 1478 1856 inopiam

103 1867 286 1912 vinceret,
312 1875 462 1914 accepta
500 1868 547 1901 ab
584 1868 785 1902 hortulano
816 1868 1004 1912 mercede,
1033 1882 1183 1915 aquam,
1221 1870 1312 1904 sicut
1339 1871 1474 1905 verita-

103 1935 198 1970 tem,
235 1937 385 1976 eputeo
414 1935 528 1963 noctu
554 1928 756 1962 hauriebat.
791 1929 885 1962 Vide
912 1930 1027 1963 D10G.
1056 1930 1215 1973 Lura„
1244 1931 1280 1963 in
1310 1930 1477 1965 Cleanth.

154 1990 237 2024 CAp.
260 1990 345 2024 XII.
370 1990 524 2023 Flumen
546 1988 788 2034 Euphratem.
809 1989 872 2023 Est
895 1987 1027 2023 fluvius
1050 1990 1350 2036 Mesopotamiae,
1371 2004 1478 2037 quein

105 2051 239 2087 Strabo
265 2050 393 2084 scribit
417 2062 463 2084 ex
488 2049 647 2096 Niphate
674 2057 801 2084 monte
824 2050 1005 2085 Armeniae
1028 2063 1220 2097 magnum,
1253 2052 1477 2098 profundum

102 2119 137 2147 et
165 2112 320 2146 celerem
349 2110 468 2153 nasci;
494 2108 649 2144 influere
678 2117 800 2145 autem
829 2111 868 2144 in
894 2123 994 2145 mare
1022 2112 1208 2155 Rubrum,
1228 2112 1328 2158 prius
1356 2120 1478 2148 tamen

102 2171 346 2219 Babyloniam
372 2183 438 2217 per
455 2171 615 2204 medium
634 2170 819 2213 dividere,
845 2178 880 2204 et
903 2171 1006 2217 Tigri
1037 2172 1273 2217 conjunctum
1302 2174 1480 2220 Illewpo-

103 2235 259 2268 tarniam
274 2232 411 2275 facere,
425 2245 445 2265 a
460 2238 552 2281 μέσος
562 2263 569 2276 ‚
581 2231 742 2275 medius,
756 2238 791 2266 et
804 2238 964 2281 ποταμός,
978 2231 1120 2267 fluvius.
1133 2234 1346 2279 Euphrates
1361 2242 1480 2269 autem

100 2296 180 2341 ipse
193 2305 331 2328 nomen
347 2292 498 2339 accepit,
513 2292 604 2326 sicut
615 2299 650 2326 et
664 2292 980 2339 Phrataphernes,
995 2305 1071 2326 xn1
1082 2320 1090 2335 ‚
1105 2298 1139 2336 4,
1150 2306 1167 2326 a
1181 2305 1299 2339 graeco
1315 2301 1480 2344 εὐφραίνω,

102 2355 291 2397 exhilaro,
312 2353 478 2395 oblecto,
503 2360 726 2403 εὐφραίνομαι,
749 2354 869 2397 laetor,
890 2354 1001 2399 genio
1024 2354 1219 2400 indulgeO,
1238 2362 1405 2405 εὐφρασία,
1423 2356 1482 2389 lae-

102 2416 202 2459 titia,
227 2414 404 2457 suavitas;
424 2426 502 2447 non
524 2413 710 2448 immerito
733 2413 845 2460 igitur
864 2414 911 2448 ad
933 2414 1033 2460 ripas
1053 2414 1159 2459 hujus
1179 2414 1341 2450 fluminis
1367 2418 1480 2450 Para—

104 2477 244 2520 disum,
268 2488 329 2510 seu
358 2475 490 2509 laetitiae
517 2481 551 2508 et
575 2474 776 2520 voluptatis
804 2475 971 2518 hortum,
996 2482 1210 2510 statuerunt·
1233 2476 1326 2511 Inde
1356 2477 1482 2511 Ptole-

102 2550 194 2572 maeo
226 2536 360 2571 dicitur
391 2548 538 2582 quoque
565 2541 721 2580 βασίλειος
743 2542 904 2584 ποταμός,
921 2534 1059 2569 flumen
1079 2536 1241 2582 regium,
1260 2537 1351 2571 sicut
1374 2545 1405 2572 et
1427 2550 1483 2571 re—

102 2598 169 2646 gia
201 2596 373 2644 Lympha
402 2596 574 2642 Diaspes,
594 2607 664 2642 pro
690 2595 895 2642 Hydaspes,
917 2596 1088 2639 Tibullo,
1113 2597 1161 2630 ab
1187 2599 1278 2642 6803,
1306 2610 1421 2643 aqua,
1450 2604 1484 2631 et

106 2666 216 2706 ἀσπίς,
233 2658 342 2705 aspis,
357 2656 526 2703 aquatilis
541 2668 708 2702 serpens,
719 2654 1060 2700 scilicetflexuosus‚
1074 2669 1138 2691 ceu
1149 2658 1483 2704 Paradisisvrpens.

313 2733 336 2758 ι.
1227 2734 1234 2759 ¹
1258 2723 1270 2772 l
