1783 3282
117 245 240 259 MVBAW
246 245 552 259 WWWWWWWUVVR
556 246 1177 264 wvuwwwvvwwwwkuvwmwwvwwwvww
1181 252 1191 261 ⁸1
1195 252 1300 264 UWQWUK
1304 253 1394 263 WWUW
1398 254 1437 263 ΝἮΙ
1443 254 1478 264 WV·

624 460 886 515 LIBER
933 461 975 514 Ι.

109 889 143 930 Ι.
175 851 433 933 PRmmpm
467 903 640 940 rerum,
669 888 866 946 gentium
900 886 1218 947 nationumque
1251 890 1483 950 imperium

109 982 239 1025 penes
275 982 396 1026 reges
430 976 522 1009 erat
559 983 567 1009 :
601 982 709 1025 quos
742 966 796 1009 ad
834 965 1056 1027 fastigium
1090 966 1220 1027 hujus
1248 970 1485 1029 majestatis

108 1062 194 1088 non
224 1045 404 1089 ambitio
432 1045 680 1106 popularis,
710 1044 785 1089 sed
808 1055 998 1105 spectata
1025 1046 1139 1089 inter
1166 1047 1304 1091 bonos
1342 1050 1485 1094 mode-

107 1127 218 1169 ratio
244 1125 523 1186 provehebat.
549 1124 743 1185 Populus
773 1124 903 1168 nullis
929 1124 1096 1185 legibus
1124 1127 1354 1170 tenebatur
1377 1145 1385 1171 :
1416 1146 1483 1172 ar-

105 1205 237 1249 bitria
262 1206 511 1266 principum
538 1221 618 1264 pro
649 1203 817 1265 legibus
845 1214 980 1247 erant.
1011 1205 1138 1248 Fines
1169 1206 1341 1266 imperii
1370 1210 1481 1252 tueri

105 1285 242 1345 magis
257 1320 268 1340 ‚
293 1301 424 1344 quam
445 1284 639 1344 proferre
654 1318 665 1340 ,
684 1301 776 1327 mos
800 1294 891 1327 erat
911 1301 919 1326 :
945 1285 1059 1327 intra
1083 1301 1203 1328 suam
1230 1287 1387 1346 cuique
1409 1304 1482 1348 pa-

104 1366 232 1408 triam
255 1381 389 1425 regna
411 1364 688 1408 finiebantur.
716 1365 890 1407 Primus
907 1364 1104 1407 omnium
1124 1365 1285 1421 Ninus,
1308 1382 1382 1409 rex
1403 1369 1481 1411 As-

102 1446 343 1505 syriorum,
378 1454 568 1487 veterem
586 1479 597 1498 ‚
628 1454 670 1487 et
700 1445 823 1503 quasi
854 1444 1022 1486 avitum
1053 1444 1255 1504 gentibus
1285 1462 1478 1502 morem,

103 1540 216 1567 nova
239 1524 410 1583 imperii
432 1523 669 1583 cupiditate
689 1523 887 1567 mutavit.
909 1525 991 1567 Hic
1011 1524 1177 1583 primus
1198 1524 1349 1568 intulit
1365 1524 1477 1570 bella

101 1603 324 1657 finitimis,
359 1612 402 1646 et
432 1603 562 1646 rudes
593 1603 735 1647 adhuc
768 1603 822 1646 ad
855 1602 1145 1646 resistendum
1178 1603 1389 1664 populos,
1423 1606 1477 1649 ad

100 1683 248 1742 Libyae
272 1683 481 1726 terminos
506 1699 641 1742 usque
663 1682 925 1743 perdomuit.
950 1684 1088 1725 Fuere
1111 1683 1286 1743 quidem
1314 1694 1477 1745 tempo-

99 1762 218 1805 ribus
246 1762 514 1821 antiquiores
529 1796 539 1816 ,
568 1763 774 1805 Sesostris
797 1763 969 1822 AEgypti
985 1796 996 1817 ,
1021 1772 1064 1804 et
1093 1763 1279 1823 Scythiae
1303 1780 1376 1807 rex
1397 1767 1476 1808 Ta-

98 1857 230 1884 naus:
266 1857 453 1900 quorum
477 1840 586 1884 alter
617 1842 661 1884 in
694 1843 909 1897 Pontum,
939 1840 1048 1884 alter
1072 1858 1208 1901 usque
1239 1844 1473 1903 AEgyptum

97 1922 286 1964 excessit.
308 1920 392 1964 Sed
415 1919 676 1981 longinqua,
698 1937 786 1964 non
803 1920 989 1964 finitima
1009 1920 1121 1964 bella
1143 1922 1372 1982 gerebant,
1393 1940 1472 1967 nec

97 2001 326 2060 imperium
350 2001 453 2056 sibi,
473 2000 547 2043 sed
567 1999 738 2060 populis
758 2001 844 2043 suis
867 1999 1050 2060 gloriam
1073 2000 1352 2060 quaerebant;
1372 2019 1472 2045 con-

96 2080 291 2139 tentique
320 2080 529 2135 victor-ia,
560 2080 744 2139 imperio
774 2080 1063 2123 abstinebant.
1089 2080 1231 2124 Ninus
1255 2081 1470 2141 magnitu-

95 2157 239 2201 dinem
259 2160 447 2218 quaesitae
470 2158 781 2202 dominationis
805 2160 1012 2202 continua
1032 2160 1302 2219 possessione
1325 2160 1468 2204 firma-

93 2238 168 2280 vit.
207 2239 397 2282 Domitis
432 2239 566 2299 igitur
598 2238 832 2298 proximis,
862 2255 999 2298 quum
1030 2239 1276 2282 accessione
1306 2240 1465 2283 virium

93 2316 247 2360 fortior
269 2318 322 2360 ad
344 2317 448 2362 alios
473 2320 702 2374 transiret,
724 2328 767 2361 et
785 2319 984 2378 proxima
1001 2334 1183 2377 quaeque
1201 2318 1386 2361 victoria
1406 2319 1466 2361 in-

92 2405 384 2439 strumentum
425 2397 642 2457 sequentis
683 2407 793 2441 esset
816 2431 827 2452 ‚
866 2399 998 2440 totius
1039 2398 1233 2441 Orientis
1277 2396 1461 2457 populos

92 2475 275 2535 subegit.
313 2476 588 2519 Postremum
627 2475 688 2520 illi
728 2475 892 2519 bellum
931 2493 1031 2520 cum
1066 2479 1295 2520 Zoroastre
1312 2511 1323 2532 ,
1364 2492 1464 2536 rege

91 2555 442 2609 Bactrianorum,
458 2555 557 2610 fuit,
570 2557 643 2615 qui
659 2557 825 2615 primus
841 2556 1001 2599 dicitur
1016 2566 1130 2599 artes
1148 2558 1337 2615 magicas
1352 2556 1463 2598 inve-

91 2635 222 2690 nisse,
249 2644 290 2677 et
319 2634 468 2677 mundi
498 2635 727 2694 principia,
758 2635 1036 2695 siderumque
1062 2646 1206 2678 motus
1228 2634 1464 2695 diligentis—

1233 2730 1265 2755 1.
