1783 3282
470 235 534 268 DE
562 234 730 269 TRoco
759 235 986 271 POMPEIO.
1360 240 1409 286 vij

103 317 138 357 T
144 330 251 358 nom
274 331 430 358 nomen
452 317 640 359 arbitror
660 316 894 360 barbarum
921 320 1128 381 (graecum
1152 331 1213 364 est
1241 339 1249 366 :
1273 322 1412 366 oritur

41 420 65 446 a
98 398 262 461 τρώγω,
297 403 455 464 rod0);
488 406 709 461 Pomm,
746 405 800 448 ab
835 422 916 449 avo
947 415 1024 450 est.
1058 406 1265 452 solebant
1299 412 1412 454 enim

41 493 258 551 peregrini
295 493 338 536 in
377 509 527 536 eorum
554 494 730 537 nomine
755 495 964 551 transire,
991 511 1179 554 quorum
1203 496 1414 542 beneficio

39 581 151 623 cives
177 583 362 624 Romani
395 592 531 625 erant.
562 585 603 626 Is
629 583 801 626 videtur
839 583 968 627 fuisse
1003 585 1068 627 vir
1094 585 1330 628 virtutibus
1352 588 1416 629 in-

40 668 178 728 clytus
193 675 210 712 ':
232 686 372 729 eoque
395 668 524 730 plane
551 669 661 713 alius
681 671 764 713 erit
786 672 918 730 Trogi
946 680 1069 731 pater
1089 688 1113 715 a
1133 674 1182 715 T.
1205 673 1417 728 Quinctio

39 759 185 817 Trogo
215 757 391 801 homine
417 757 650 813 sceleroso,
672 775 801 818 quem
820 759 972 818 capitis
991 761 1212 803 accusavit
1231 762 1292 804 M.
1321 762 1417 804 Ser—

40 845 159 905 gius,
189 847 327 888 Manii
356 845 495 901 filius,
526 856 727 906 quaestor.
755 849 822 890 De
845 863 933 906 quo
955 849 1099 891 Varro
1137 847 1335 907 pluribus
1368 846 1416 891 li-

39 933 118 976 bro
142 949 192 988 V,
218 935 346 994 Lz'ag.
375 934 450 977 lat.
479 935 663 994 Scripsit
686 937 857 995 Trogus
886 936 1233 996 Philippicarum
1260 939 1417 981 Histo-

40 1025 206 1065 riarum
234 1021 366 1065 libros
390 1038 514 1074 XLIV,
538 1039 725 1082 quarum
747 1039 863 1065 nunc
884 1024 1106 1083 epitomen
1128 1024 1263 1067 solam
1283 1042 1308 1068 a
1327 1028 1420 1069 Jus-

39 1111 131 1153 tino
152 1121 456 1154 concmnatam
478 1112 699 1154 habemus.
723 1112 1001 1174 Philippicas
1022 1122 1166 1156 autem
1192 1112 1420 1174 appellavit

38 1198 236 1259 exemplo
266 1199 551 1260 Theopompi.
584 1201 698 1243 Sane
733 1200 864 1243 etiam
894 1201 1047 1244 Cicero
1073 1202 1292 1244 orationes
1321 1219 1419 1245 suas

38 1286 302 1347 Philippicas
328 1285 529 1346 exemplo
554 1288 866 1330 Demosthenis
890 1289 1083 1343 vocavit,
1110 1289 1254 1348 quod,
1282 1300 1331 1333 ut
1351 1290 1420 1334 hic

39 1375 84 1418 in
118 1374 395 1435 Philippum,
434 1376 494 1418 ita
528 1375 618 1436 ipse
649 1375 692 1417 in
732 1376 975 1419 Antonium
1013 1377 1304 1421 inveheretur.
1336 1378 1419 1422 Sed

38 1463 206 1507 meliori
241 1464 337 1523 jure
371 1465 562 1523 TroguS‚
605 1463 730 1523 cujus
769 1462 867 1507 libri
898 1481 1035 1525 prope
1069 1482 1219 1509 omnes
1250 1466 1303 1509 de
1344 1467 1420 1510 im-

39 1553 158 1612 perio
197 1551 466 1612 Philippico,
511 1552 595 1596 hoc
629 1562 693 1595 est
726 1551 1039 1607 Macedonico,
1073 1554 1272 1613 agebant.
1306 1557 1419 1598 Nam

38 1657 62 1683 a
88 1639 200 1684 libro
237 1657 301 1684 v11
336 1656 472 1699 usque
499 1639 552 1686 ad
578 1656 651 1683 xm
680 1649 840 1682 tractat
865 1639 918 1683 de
945 1657 1079 1701 regno
1103 1641 1392 1686 Macedonico
1413 1682 1423 1703 ⁷

39 1729 162 1788 cujus
183 1728 372 1790 dignitas
396 1729 661 1789 principium
688 1745 814 1772 suum
847 1728 974 1772 debet
997 1729 1202 1790 Philippo
1228 1733 1418 1791 Magno,

39 1819 153 1878 patri
178 1817 438 1873 Alexandri3
465 1827 627 1876 septem
660 1834 761 1860 vero
797 1816 930 1861 libros
962 1819 1124 1878 primos
1156 1821 1420 1881 Bongarsius

39 1906 241 1950 censebat
270 1922 360 1949 esse
388 1905 548 1950 mandi
576 1906 807 1966 Origines,
840 1923 948 1966 quas
979 1917 1178 1950 veterum
1196 1900 1421 1952 >librorum

40 1995 264 2056 inscriptio
299 1994 549 2055 pollicetur3
583 2005 626 2037 et
658 1998 810 2039 Terrce
847 1999 984 2051 situs,
1018 2013 1128 2056 quos
1166 1996 1295 2040 iidem
1320 2014 1422 2058 pro-

40 2085 241 2138 mittunt⁷
253 2084 351 2144 jure
368 2084 607 2128 arbitratur
620 2101 710 2127 esse
728 2084 1040 2145 descriptiones
1055 2087 1307 2147 regionum,
1325 2103 1422 2146 quae

41 2188 65 2215 a
89 2174 261 2216 Justino
285 2172 463 2233 quidem
488 2174 681 2228 omissae,
703 2190 728 2216 a
746 2176 893 2233 Trogo
914 2190 1017 2217 vero
1038 2191 1125 2218 non
1148 2176 1251 2219 item
1274 2193 1282 2219 :
1303 2177 1421 2236 quod

42 2264 278 2309 ostendunt
309 2263 480 2324 prologi
514 2263 568 2306 ab
607 2263 760 2305 eodem
791 2264 1032 2322 Bongarsio
1064 2263 1167 2306 editi
1214 2281 1266 2307 ex
1304 2265 1422 2308 codi-

43 2354 164 2396 cibus
191 2368 290 2395 mss.

106 2444 300 2501 Trogum
330 2440 446 2483 hunc
473 2439 764 2483 disertissimis
781 2441 884 2483 viris
909 2451 1170 2484 annumerat
1182 2442 1421 2502 Vopiscus;

45 2547 93 2574 ac
121 2531 272 2574 crebra
299 2529 390 2588 ejus
420 2529 582 2571 mentio
609 2538 671 2571 est
696 2529 739 2571 in
764 2527 893 2572 Plinii
916 2529 1108 2572 Historia
1128 2528 1331 2572 naturali.
1352 2530 1424 2574 Li-

45 2619 146 2661 bros
173 2619 305 2677 Trogi
330 2616 382 2660 de
403 2615 672 2660 Animalibus
700 2615 846 2659 laudat
864 2617 1108 2671 Charisius,
1132 2617 1203 2660 lib.
1228 2634 1263 2673 1,
1284 2635 1324 2677 p.
1345 2634 1422 2679 793
