<?xml version="1.0" encoding="UTF-8"?>
<!DOCTYPE html PUBLIC "-//W3C//DTD XHTML 1.0 Transitional//EN"
    "http://www.w3.org/TR/xhtml1/DTD/xhtml1-transitional.dtd">
<html xmlns="http://www.w3.org/1999/xhtml" xml:lang="en" lang="en">
 <head>
  <title>
</title>
<meta http-equiv="Content-Type" content="text/html;charset=utf-8" />
  <meta name='ocr-system' content='tesseract 3.04.00' />
  <meta name='ocr-capabilities' content='ocr_page ocr_carea ocr_par ocr_line ocrx_word'/>
</head>
<body>
  <div class='ocr_page' id='page_1' title='image "./historiarumphili01justuoft_0067.png"; bbox 0 0 1783 3282; ppageno 0'>
   <div class='ocr_carea' id='block_1_1' title="bbox 455 252 1412 304">
    <p class='ocr_par' dir='ltr' id='par_1_1' title="bbox 455 252 1412 304">
     <span class='ocr_line' id='line_1_1' title="bbox 455 252 1412 304; baseline 0.003 -17"><span class='ocrx_word' id='word_1_1' title='bbox 455 252 799 287; x_wconf 82' lang='lat' dir='ltr'>HISTORIARUM</span> <span class='ocrx_word' id='word_1_2' title='bbox 826 254 914 288; x_wconf 85' lang='lat' dir='ltr'>LIB.</span> <span class='ocrx_word' id='word_1_3' title='bbox 942 256 1002 288; x_wconf 77' lang='lat' dir='ltr'><strong>iv.</strong></span> <span class='ocrx_word' id='word_1_4' title='bbox 1365 263 1412 304; x_wconf 74' lang='lat'><strong>49</strong></span> 
     </span>
    </p>
   </div>
   <div class='ocr_carea' id='block_1_2' title="bbox 32 334 1413 2609">
    <p class='ocr_par' dir='ltr' id='par_1_2' title="bbox 45 334 1412 614">
     <span class='ocr_line' id='line_1_2' title="bbox 48 334 1412 395; baseline 0.004 -17"><span class='ocrx_word' id='word_1_5' title='bbox 48 335 235 379; x_wconf 87' lang='lat' dir='ltr'><strong>Lachete</strong></span> <span class='ocrx_word' id='word_1_6' title='bbox 258 344 300 377; x_wconf 85' lang='lat' dir='ltr'><strong>et</strong></span> <span class='ocrx_word' id='word_1_7' title='bbox 323 335 539 378; x_wconf 85' lang='lat' dir='ltr'><strong>Chariade</strong></span> <span class='ocrx_word' id='word_1_8' title='bbox 564 335 765 389; x_wconf 92' lang='lat' dir='ltr'><strong>ducibus,</strong></span> <span class='ocrx_word' id='word_1_9' title='bbox 786 334 974 378; x_wconf 84' lang='lat' dir='ltr'><strong>Siciliam</strong></span> <span class='ocrx_word' id='word_1_10' title='bbox 996 338 1185 395; x_wconf 78' lang='lat' dir='ltr'><strong>petivere</strong></span> <span class='ocrx_word' id='word_1_11' title='bbox 1207 340 1305 382; x_wconf 85' lang='lat' dir='ltr'><strong>:sed</strong></span> <span class='ocrx_word' id='word_1_12' title='bbox 1328 341 1412 384; x_wconf 90' lang='lat' dir='ltr'><strong>Ca·</strong></span> 
     </span>
     <span class='ocr_line' id='line_1_3' title="bbox 49 414 1412 478; baseline 0.004 -23"><span class='ocrx_word' id='word_1_13' title='bbox 49 415 250 456; x_wconf 83' lang='lat' dir='ltr'><strong>tinienses</strong></span> <span class='ocrx_word' id='word_1_14' title='bbox 266 446 277 467; x_wconf 93' lang='lat'><strong>,</strong></span> <span class='ocrx_word' id='word_1_15' title='bbox 302 414 391 456; x_wconf 89' lang='lat' dir='ltr'><strong>sive</strong></span> <span class='ocrx_word' id='word_1_16' title='bbox 417 424 537 457; x_wconf 90' lang='lat' dir='ltr'><strong>metu</strong></span> <span class='ocrx_word' id='word_1_17' title='bbox 554 414 910 467; x_wconf 76' lang='lat' dir='ltr'>Atheniensium,</span> <span class='ocrx_word' id='word_1_18' title='bbox 936 414 1024 457; x_wconf 87' lang='lat' dir='ltr'><strong>sive</strong></span> <span class='ocrx_word' id='word_1_19' title='bbox 1047 414 1173 458; x_wconf 89' lang='lat' dir='ltr'><strong>taedio</strong></span> <span class='ocrx_word' id='word_1_20' title='bbox 1197 417 1318 472; x_wconf 87' lang='lat' dir='ltr'><strong>belli,</strong></span> <span class='ocrx_word' id='word_1_21' title='bbox 1337 435 1412 478; x_wconf 91' lang='lat' dir='ltr'><strong>pa-</strong></span> 
     </span>
     <span class='ocr_line' id='line_1_4' title="bbox 47 493 1411 553; baseline 0.005 -19"><span class='ocrx_word' id='word_1_22' title='bbox 47 508 139 534; x_wconf 87' lang='lat' dir='ltr'><strong>cem</strong></span> <span class='ocrx_word' id='word_1_23' title='bbox 175 509 272 535; x_wconf 92' lang='lat' dir='ltr'><strong>cum</strong></span> <span class='ocrx_word' id='word_1_24' title='bbox 307 494 605 552; x_wconf 82' lang='lat' dir='ltr'><strong>SyracusaniS,</strong></span> <span class='ocrx_word' id='word_1_25' title='bbox 645 494 834 538; x_wconf 88' lang='lat' dir='ltr'><strong>remissis</strong></span> <span class='ocrx_word' id='word_1_26' title='bbox 859 493 1191 538; x_wconf 84' lang='lat' dir='ltr'><strong>Atheniensium</strong></span> <span class='ocrx_word' id='word_1_27' title='bbox 1222 496 1411 553; x_wconf 81' lang='lat' dir='ltr'><strong>auxiliis,</strong></span> 
     </span>
     <span class='ocr_line' id='line_1_5' title="bbox 45 570 252 614; baseline 0.01 -2"><span class='ocrx_word' id='word_1_28' title='bbox 45 570 252 614; x_wconf 86' lang='lat' dir='ltr'><strong>fecerunt.</strong></span> 
     </span>
    </p>

    <p class='ocr_par' dir='ltr' id='par_1_3' title="bbox 32 651 1413 2609">
     <span class='ocr_line' id='line_1_6' title="bbox 106 651 1413 713; baseline 0.002 -21"><span class='ocrx_word' id='word_1_29' title='bbox 106 651 181 693; x_wconf 94' lang='lat' dir='ltr'><strong>IV.</strong></span> <span class='ocrx_word' id='word_1_30' title='bbox 205 652 438 710; x_wconf 86' lang='lat' dir='ltr'><strong>Interjecto</strong></span> <span class='ocrx_word' id='word_1_31' title='bbox 458 652 613 694; x_wconf 89' lang='lat' dir='ltr'><strong>deinde</strong></span> <span class='ocrx_word' id='word_1_32' title='bbox 635 661 848 711; x_wconf 90' lang='lat' dir='ltr'><strong>tempore,</strong></span> <span class='ocrx_word' id='word_1_33' title='bbox 872 668 1008 711; x_wconf 91' lang='lat' dir='ltr'><strong>quum</strong></span> <span class='ocrx_word' id='word_1_34' title='bbox 1030 651 1134 695; x_wconf 88' lang='lat' dir='ltr'><strong>fides</strong></span> <span class='ocrx_word' id='word_1_35' title='bbox 1157 653 1274 712; x_wconf 87' lang='lat' dir='ltr'><strong>pacis</strong></span> <span class='ocrx_word' id='word_1_36' title='bbox 1291 669 1315 695; x_wconf 89' lang='lat' dir='ltr'><strong>a</strong></span> <span class='ocrx_word' id='word_1_37' title='bbox 1338 656 1413 713; x_wconf 89' lang='lat' dir='ltr'><strong>Sy-</strong></span> 
     </span>
     <span class='ocr_line' id='line_1_7' title="bbox 45 729 1413 790; baseline 0.002 -18"><span class='ocrx_word' id='word_1_38' title='bbox 45 731 262 772; x_wconf 84' lang='lat' dir='ltr'><strong>racusanis</strong></span> <span class='ocrx_word' id='word_1_39' title='bbox 295 747 382 772; x_wconf 90' lang='lat' dir='ltr'><strong>non</strong></span> <span class='ocrx_word' id='word_1_40' title='bbox 416 739 683 785; x_wconf 87' lang='lat' dir='ltr'><strong>servaretur,</strong></span> <span class='ocrx_word' id='word_1_41' title='bbox 713 730 857 773; x_wconf 91' lang='lat' dir='ltr'><strong>denuo</strong></span> <span class='ocrx_word' id='word_1_42' title='bbox 892 729 1056 790; x_wconf 87' lang='lat' dir='ltr'><strong>legatos</strong></span> <span class='ocrx_word' id='word_1_43' title='bbox 1094 730 1286 775; x_wconf 87' lang='lat' dir='ltr'><strong>Athenas</strong></span> <span class='ocrx_word' id='word_1_44' title='bbox 1315 732 1413 775; x_wconf 90' lang='lat' dir='ltr'><strong>mit-</strong></span> 
     </span>
     <span class='ocr_line' id='line_1_8' title="bbox 45 807 1412 869; baseline 0.003 -19"><span class='ocrx_word' id='word_1_45' title='bbox 45 818 162 863; x_wconf 87' lang='lat' dir='ltr'><strong>tunt;</strong></span> <span class='ocrx_word' id='word_1_46' title='bbox 186 809 260 868; x_wconf 88' lang='lat' dir='ltr'><strong>qui</strong></span> <span class='ocrx_word' id='word_1_47' title='bbox 292 808 464 851; x_wconf 87' lang='lat' dir='ltr'><strong>sordida</strong></span> <span class='ocrx_word' id='word_1_48' title='bbox 499 818 635 863; x_wconf 87' lang='lat' dir='ltr'><strong>veste,</strong></span> <span class='ocrx_word' id='word_1_49' title='bbox 658 807 815 868; x_wconf 81' lang='lat' dir='ltr'><strong>capillo</strong></span> <span class='ocrx_word' id='word_1_50' title='bbox 847 808 1069 868; x_wconf 86' lang='lat' dir='ltr'><strong>barbaque</strong></span> <span class='ocrx_word' id='word_1_51' title='bbox 1095 810 1341 869; x_wconf 83' lang='lat' dir='ltr'><strong>promissis,</strong></span> <span class='ocrx_word' id='word_1_52' title='bbox 1372 820 1412 855; x_wconf 91' lang='lat' dir='ltr'><strong>et</strong></span> 
     </span>
     <span class='ocr_line' id='line_1_9' title="bbox 43 885 1411 947; baseline 0.003 -18"><span class='ocrx_word' id='word_1_53' title='bbox 43 887 162 930; x_wconf 90' lang='lat' dir='ltr'><strong>omni</strong></span> <span class='ocrx_word' id='word_1_54' title='bbox 186 885 398 947; x_wconf 81' lang='lat' dir='ltr'><strong>squaloris</strong></span> <span class='ocrx_word' id='word_1_55' title='bbox 428 887 579 930; x_wconf 87' lang='lat' dir='ltr'><strong>habitu</strong></span> <span class='ocrx_word' id='word_1_56' title='bbox 607 886 661 930; x_wconf 88' lang='lat' dir='ltr'><strong>ad</strong></span> <span class='ocrx_word' id='word_1_57' title='bbox 685 887 1028 931; x_wconf 90' lang='lat' dir='ltr'><strong>misericordiam</strong></span> <span class='ocrx_word' id='word_1_58' title='bbox 1052 889 1411 933; x_wconf 89' lang='lat' dir='ltr'><strong>commovendam</strong></span> 
     </span>
     <span class='ocr_line' id='line_1_10' title="bbox 42 965 1412 1028; baseline 0.002 -20"><span class='ocrx_word' id='word_1_59' title='bbox 42 966 273 1025; x_wconf 89' lang='lat' dir='ltr'><strong>acquisito,</strong></span> <span class='ocrx_word' id='word_1_60' title='bbox 297 967 550 1009; x_wconf 89' lang='lat' dir='ltr'><strong>concionem</strong></span> <span class='ocrx_word' id='word_1_61' title='bbox 571 965 784 1009; x_wconf 81' lang='lat' dir='ltr'><strong>deformes</strong></span> <span class='ocrx_word' id='word_1_62' title='bbox 808 966 970 1009; x_wconf 87' lang='lat' dir='ltr'><strong>adeunt</strong></span> <span class='ocrx_word' id='word_1_63' title='bbox 993 984 1002 1009; x_wconf 74' lang='grc' dir='ltr'>ε</span> <span class='ocrx_word' id='word_1_64' title='bbox 1029 966 1252 1011; x_wconf 87' lang='lat' dir='ltr'><strong>adduntur</strong></span> <span class='ocrx_word' id='word_1_65' title='bbox 1274 970 1412 1028; x_wconf 89' lang='lat' dir='ltr'><strong>preci-</strong></span> 
     </span>
     <span class='ocr_line' id='line_1_11' title="bbox 41 1043 1411 1107; baseline 0.003 -20"><span class='ocrx_word' id='word_1_66' title='bbox 41 1044 120 1087; x_wconf 91' lang='lat' dir='ltr'><strong>bus</strong></span> <span class='ocrx_word' id='word_1_67' title='bbox 142 1043 341 1105; x_wconf 79' lang='lat' dir='ltr'><strong>lacrymae</strong></span> <span class='ocrx_word' id='word_1_68' title='bbox 375 1054 450 1088; x_wconf 87' lang='lat' dir='ltr'><strong>:et</strong></span> <span class='ocrx_word' id='word_1_69' title='bbox 486 1045 544 1087; x_wconf 88' lang='lat' dir='ltr'><strong>ita</strong></span> <span class='ocrx_word' id='word_1_70' title='bbox 587 1044 909 1088; x_wconf 83' lang='lat' dir='ltr'><strong>misericordem</strong></span> <span class='ocrx_word' id='word_1_71' title='bbox 950 1044 1163 1105; x_wconf 90' lang='lat' dir='ltr'><strong>populum</strong></span> <span class='ocrx_word' id='word_1_72' title='bbox 1195 1047 1411 1107; x_wconf 88' lang='lat' dir='ltr'><strong>supplices</strong></span> 
     </span>
     <span class='ocr_line' id='line_1_12' title="bbox 40 1124 1411 1183; baseline 0.001 -16"><span class='ocrx_word' id='word_1_73' title='bbox 40 1133 237 1179; x_wconf 89' lang='lat' dir='ltr'><strong>movent,</strong></span> <span class='ocrx_word' id='word_1_74' title='bbox 271 1133 319 1166; x_wconf 89' lang='lat' dir='ltr'><strong>ut</strong></span> <span class='ocrx_word' id='word_1_75' title='bbox 346 1124 662 1167; x_wconf 79' lang='lat' dir='ltr'><strong>damnarentur</strong></span> <span class='ocrx_word' id='word_1_76' title='bbox 687 1124 845 1178; x_wconf 88' lang='lat' dir='ltr'><strong>duces,</strong></span> <span class='ocrx_word' id='word_1_77' title='bbox 872 1125 947 1183; x_wconf 88' lang='lat' dir='ltr'><strong>qui</strong></span> <span class='ocrx_word' id='word_1_78' title='bbox 979 1124 1030 1166; x_wconf 81' lang='lat' dir='ltr'><strong>ab</strong></span> <span class='ocrx_word' id='word_1_79' title='bbox 1054 1125 1120 1168; x_wconf 92' lang='lat' dir='ltr'><strong>his</strong></span> <span class='ocrx_word' id='word_1_80' title='bbox 1150 1125 1308 1169; x_wconf 84' lang='lat' dir='ltr'><strong>auxilia</strong></span> <span class='ocrx_word' id='word_1_81' title='bbox 1338 1126 1411 1170; x_wconf 92' lang='lat' dir='ltr'><strong>de-</strong></span> 
     </span>
     <span class='ocr_line' id='line_1_13' title="bbox 41 1201 1412 1262; baseline 0.004 -18"><span class='ocrx_word' id='word_1_82' title='bbox 41 1202 269 1246; x_wconf 85' lang='lat' dir='ltr'><strong>duxerant.</strong></span> <span class='ocrx_word' id='word_1_83' title='bbox 294 1204 434 1262; x_wconf 81' lang='lat' dir='ltr'><strong>Igitur</strong></span> <span class='ocrx_word' id='word_1_84' title='bbox 462 1202 604 1246; x_wconf 83' lang='lat' dir='ltr'><strong>classis</strong></span> <span class='ocrx_word' id='word_1_85' title='bbox 629 1204 781 1262; x_wconf 82' lang='lat' dir='ltr'><strong>ingens</strong></span> <span class='ocrx_word' id='word_1_86' title='bbox 805 1201 1052 1245; x_wconf 86' lang='lat' dir='ltr'><strong>decernitur</strong></span> <span class='ocrx_word' id='word_1_87' title='bbox 1074 1220 1083 1246; x_wconf 88' lang='lat'>:</span> <span class='ocrx_word' id='word_1_88' title='bbox 1106 1214 1309 1248; x_wconf 86' lang='lat' dir='ltr'><strong>creantur</strong></span> <span class='ocrx_word' id='word_1_89' title='bbox 1331 1204 1412 1249; x_wconf 89' lang='lat' dir='ltr'><strong>du-</strong></span> 
     </span>
     <span class='ocr_line' id='line_1_14' title="bbox 40 1280 1411 1342; baseline 0.002 -18"><span class='ocrx_word' id='word_1_90' title='bbox 40 1298 110 1324; x_wconf 86' lang='lat' dir='ltr'><strong>ces</strong></span> <span class='ocrx_word' id='word_1_91' title='bbox 132 1282 299 1336; x_wconf 83' lang='lat' dir='ltr'><strong>Nicias,</strong></span> <span class='ocrx_word' id='word_1_92' title='bbox 326 1290 367 1324; x_wconf 88' lang='lat' dir='ltr'><strong>et</strong></span> <span class='ocrx_word' id='word_1_93' title='bbox 384 1280 646 1336; x_wconf 77' lang='lat' dir='ltr'><strong>Alcibiades,</strong></span> <span class='ocrx_word' id='word_1_94' title='bbox 666 1290 707 1324; x_wconf 88' lang='lat' dir='ltr'><strong>et</strong></span> <span class='ocrx_word' id='word_1_95' title='bbox 727 1281 992 1336; x_wconf 79' lang='lat' dir='ltr'><strong>Lamachu53</strong></span> <span class='ocrx_word' id='word_1_96' title='bbox 1008 1282 1226 1342; x_wconf 90' lang='lat' dir='ltr'><strong>tantisque</strong></span> <span class='ocrx_word' id='word_1_97' title='bbox 1248 1283 1411 1327; x_wconf 90' lang='lat' dir='ltr'><strong>viribus</strong></span> 
     </span>
     <span class='ocr_line' id='line_1_15' title="bbox 39 1359 1411 1421; baseline 0.001 -18"><span class='ocrx_word' id='word_1_98' title='bbox 39 1359 184 1404; x_wconf 91' lang='lat' dir='ltr'><strong>Sicilia</strong></span> <span class='ocrx_word' id='word_1_99' title='bbox 207 1361 439 1420; x_wconf 88' lang='lat' dir='ltr'><strong>repetitur,</strong></span> <span class='ocrx_word' id='word_1_100' title='bbox 454 1369 501 1404; x_wconf 90' lang='lat' dir='ltr'><strong>ut</strong></span> <span class='ocrx_word' id='word_1_101' title='bbox 519 1361 621 1421; x_wconf 87' lang='lat' dir='ltr'><strong>ipsis</strong></span> <span class='ocrx_word' id='word_1_102' title='bbox 645 1360 802 1404; x_wconf 87' lang='lat' dir='ltr'><strong>terrori</strong></span> <span class='ocrx_word' id='word_1_103' title='bbox 827 1370 993 1414; x_wconf 88' lang='lat' dir='ltr'><strong>essent,</strong></span> <span class='ocrx_word' id='word_1_104' title='bbox 1015 1361 1058 1403; x_wconf 92' lang='lat' dir='ltr'><strong>in</strong></span> <span class='ocrx_word' id='word_1_105' title='bbox 1083 1378 1270 1420; x_wconf 91' lang='lat' dir='ltr'><strong>quorum</strong></span> <span class='ocrx_word' id='word_1_106' title='bbox 1294 1364 1411 1405; x_wconf 86' lang='lat' dir='ltr'><strong>auxi-</strong></span> 
     </span>
     <span class='ocr_line' id='line_1_16' title="bbox 39 1439 1408 1499; baseline 0.001 -17"><span class='ocrx_word' id='word_1_107' title='bbox 39 1439 96 1482; x_wconf 91' lang='lat' dir='ltr'><strong>lia</strong></span> <span class='ocrx_word' id='word_1_108' title='bbox 119 1440 418 1483; x_wconf 85' lang='lat' dir='ltr'><strong>mittebantur.</strong></span> <span class='ocrx_word' id='word_1_109' title='bbox 448 1441 575 1483; x_wconf 85' lang='lat' dir='ltr'><strong>Brevi</strong></span> <span class='ocrx_word' id='word_1_110' title='bbox 590 1448 686 1499; x_wconf 90' lang='lat' dir='ltr'><strong>post</strong></span> <span class='ocrx_word' id='word_1_111' title='bbox 707 1449 923 1498; x_wconf 88' lang='lat' dir='ltr'><strong>tempore,</strong></span> <span class='ocrx_word' id='word_1_112' title='bbox 947 1449 1148 1483; x_wconf 85' lang='lat' dir='ltr'><strong>revocato</strong></span> <span class='ocrx_word' id='word_1_113' title='bbox 1167 1440 1221 1483; x_wconf 92' lang='lat' dir='ltr'><strong>ad</strong></span> <span class='ocrx_word' id='word_1_114' title='bbox 1241 1450 1408 1484; x_wconf 86' lang='lat' dir='ltr'><strong>reatum</strong></span> 
     </span>
     <span class='ocr_line' id='line_1_17' title="bbox 39 1517 1409 1578; baseline 0.001 -16"><span class='ocrx_word' id='word_1_115' title='bbox 39 1517 288 1573; x_wconf 88' lang='lat' dir='ltr'><strong>Alcibiade,</strong></span> <span class='ocrx_word' id='word_1_116' title='bbox 309 1517 396 1561; x_wconf 93' lang='lat' dir='ltr'><strong>duo</strong></span> <span class='ocrx_word' id='word_1_117' title='bbox 417 1517 568 1578; x_wconf 87' lang='lat' dir='ltr'><strong>proelia</strong></span> <span class='ocrx_word' id='word_1_118' title='bbox 585 1518 801 1578; x_wconf 82' lang='lat' dir='ltr'><strong>pedestria</strong></span> <span class='ocrx_word' id='word_1_119' title='bbox 820 1517 1009 1561; x_wconf 91' lang='lat' dir='ltr'><strong>secunda</strong></span> <span class='ocrx_word' id='word_1_120' title='bbox 1027 1519 1173 1562; x_wconf 87' lang='lat' dir='ltr'><strong>Nicias</strong></span> <span class='ocrx_word' id='word_1_121' title='bbox 1193 1528 1234 1562; x_wconf 88' lang='lat' dir='ltr'><strong>et</strong></span> <span class='ocrx_word' id='word_1_122' title='bbox 1253 1521 1409 1563; x_wconf 87' lang='lat' dir='ltr'><strong>Lama-</strong></span> 
     </span>
     <span class='ocr_line' id='line_1_18' title="bbox 37 1596 1409 1652; baseline 0.001 -12"><span class='ocrx_word' id='word_1_123' title='bbox 37 1597 144 1640; x_wconf 91' lang='lat' dir='ltr'><strong>chus</strong></span> <span class='ocrx_word' id='word_1_124' title='bbox 177 1597 343 1641; x_wconf 85' lang='lat' dir='ltr'><strong>faciunt</strong></span> <span class='ocrx_word' id='word_1_125' title='bbox 368 1614 376 1640; x_wconf 93' lang='lat'>:</span> <span class='ocrx_word' id='word_1_126' title='bbox 402 1597 719 1640; x_wconf 88' lang='lat' dir='ltr'><strong>munitionibus</strong></span> <span class='ocrx_word' id='word_1_127' title='bbox 749 1596 905 1640; x_wconf 89' lang='lat' dir='ltr'><strong>deinde</strong></span> <span class='ocrx_word' id='word_1_128' title='bbox 941 1597 1238 1652; x_wconf 87' lang='lat' dir='ltr'><strong>circumdatis,</strong></span> <span class='ocrx_word' id='word_1_129' title='bbox 1266 1599 1409 1642; x_wconf 90' lang='lat' dir='ltr'><strong>hostes</strong></span> 
     </span>
     <span class='ocr_line' id='line_1_19' title="bbox 38 1675 1405 1721; baseline 0.001 -2"><span class='ocrx_word' id='word_1_130' title='bbox 38 1677 168 1719; x_wconf 89' lang='lat' dir='ltr'><strong>etiam</strong></span> <span class='ocrx_word' id='word_1_131' title='bbox 186 1677 364 1719; x_wconf 87' lang='lat' dir='ltr'><strong>marinis</strong></span> <span class='ocrx_word' id='word_1_132' title='bbox 387 1676 698 1720; x_wconf 85' lang='lat' dir='ltr'><strong>commeatibus</strong></span> <span class='ocrx_word' id='word_1_133' title='bbox 718 1677 761 1718; x_wconf 90' lang='lat' dir='ltr'><strong>in</strong></span> <span class='ocrx_word' id='word_1_134' title='bbox 784 1676 891 1719; x_wconf 92' lang='lat' dir='ltr'><strong>urbe</strong></span> <span class='ocrx_word' id='word_1_135' title='bbox 908 1675 1076 1719; x_wconf 90' lang='lat' dir='ltr'><strong>clausos</strong></span> <span class='ocrx_word' id='word_1_136' title='bbox 1095 1676 1405 1721; x_wconf 88' lang='lat' dir='ltr'><strong>intercludunt.</strong></span> 
     </span>
     <span class='ocr_line' id='line_1_20' title="bbox 37 1754 1408 1815; baseline 0.001 -17"><span class='ocrx_word' id='word_1_137' title='bbox 37 1756 209 1811; x_wconf 87' lang='lat' dir='ltr'><strong>Quibus</strong></span> <span class='ocrx_word' id='word_1_138' title='bbox 233 1756 361 1799; x_wconf 88' lang='lat' dir='ltr'><strong>rebus</strong></span> <span class='ocrx_word' id='word_1_139' title='bbox 388 1756 512 1798; x_wconf 88' lang='lat' dir='ltr'><strong>fracti</strong></span> <span class='ocrx_word' id='word_1_140' title='bbox 536 1756 811 1815; x_wconf 78' lang='lat' dir='ltr'><strong>Syracusani,</strong></span> <span class='ocrx_word' id='word_1_141' title='bbox 841 1754 1055 1798; x_wconf 84' lang='lat' dir='ltr'><strong>auxilium</strong></span> <span class='ocrx_word' id='word_1_142' title='bbox 1082 1772 1105 1798; x_wconf 92' lang='lat' dir='ltr'><strong>a</strong></span> <span class='ocrx_word' id='word_1_143' title='bbox 1132 1756 1408 1800; x_wconf 85' lang='lat' dir='ltr'><strong>Lacedaemo-</strong></span> 
     </span>
     <span class='ocr_line' id='line_1_21' title="bbox 37 1833 1408 1895; baseline 0 -17"><span class='ocrx_word' id='word_1_144' title='bbox 37 1837 118 1879; x_wconf 88' lang='lat' dir='ltr'><strong>niis</strong></span> <span class='ocrx_word' id='word_1_145' title='bbox 145 1837 406 1895; x_wconf 91' lang='lat' dir='ltr'><strong>petiverunt.</strong></span> <span class='ocrx_word' id='word_1_146' title='bbox 445 1836 513 1880; x_wconf 91' lang='lat' dir='ltr'><strong>Ab</strong></span> <span class='ocrx_word' id='word_1_147' title='bbox 540 1835 606 1878; x_wconf 89' lang='lat' dir='ltr'><strong>his</strong></span> <span class='ocrx_word' id='word_1_148' title='bbox 631 1835 819 1878; x_wconf 87' lang='lat' dir='ltr'><strong>mittitur</strong></span> <span class='ocrx_word' id='word_1_149' title='bbox 851 1833 1069 1894; x_wconf 85' lang='lat' dir='ltr'><strong>Gylippus</strong></span> <span class='ocrx_word' id='word_1_150' title='bbox 1095 1833 1229 1890; x_wconf 92' lang='lat' dir='ltr'><strong>solus,</strong></span> <span class='ocrx_word' id='word_1_151' title='bbox 1259 1835 1332 1879; x_wconf 91' lang='lat' dir='ltr'><strong>sed</strong></span> <span class='ocrx_word' id='word_1_152' title='bbox 1364 1837 1408 1878; x_wconf 88' lang='lat' dir='ltr'><strong>in</strong></span> 
     </span>
     <span class='ocr_line' id='line_1_22' title="bbox 35 1912 1408 1975; baseline 0 -17"><span class='ocrx_word' id='word_1_153' title='bbox 35 1932 122 1975; x_wconf 91' lang='lat' dir='ltr'><strong>quo</strong></span> <span class='ocrx_word' id='word_1_154' title='bbox 143 1916 279 1958; x_wconf 90' lang='lat' dir='ltr'><strong>instar</strong></span> <span class='ocrx_word' id='word_1_155' title='bbox 302 1915 499 1958; x_wconf 90' lang='lat' dir='ltr'><strong>omnium</strong></span> <span class='ocrx_word' id='word_1_156' title='bbox 523 1912 785 1957; x_wconf 81' lang='lat' dir='ltr'><strong>auxiliorum</strong></span> <span class='ocrx_word' id='word_1_157' title='bbox 807 1923 912 1956; x_wconf 87' lang='lat' dir='ltr'><strong>erat.</strong></span> <span class='ocrx_word' id='word_1_158' title='bbox 938 1916 998 1968; x_wconf 91' lang='lat' dir='ltr'><strong>Is,</strong></span> <span class='ocrx_word' id='word_1_159' title='bbox 1013 1913 1163 1957; x_wconf 91' lang='lat' dir='ltr'><strong>audito</strong></span> <span class='ocrx_word' id='word_1_160' title='bbox 1187 1916 1231 1957; x_wconf 89' lang='lat' dir='ltr'><strong>in</strong></span> <span class='ocrx_word' id='word_1_161' title='bbox 1253 1915 1408 1958; x_wconf 90' lang='lat' dir='ltr'><strong>itinere</strong></span> 
     </span>
     <span class='ocr_line' id='line_1_23' title="bbox 35 1992 1407 2054; baseline 0.001 -18"><span class='ocrx_word' id='word_1_162' title='bbox 35 1993 137 2037; x_wconf 88' lang='lat' dir='ltr'><strong>belli</strong></span> <span class='ocrx_word' id='word_1_163' title='bbox 155 1995 247 2054; x_wconf 87' lang='lat' dir='ltr'><strong>jam</strong></span> <span class='ocrx_word' id='word_1_164' title='bbox 267 1993 477 2037; x_wconf 85' lang='lat' dir='ltr'><strong>inclinato</strong></span> <span class='ocrx_word' id='word_1_165' title='bbox 498 2003 634 2049; x_wconf 90' lang='lat' dir='ltr'><strong>statu,</strong></span> <span class='ocrx_word' id='word_1_166' title='bbox 665 1992 834 2036; x_wconf 84' lang='lat' dir='ltr'><strong>auxiliis</strong></span> <span class='ocrx_word' id='word_1_167' title='bbox 849 1993 1008 2052; x_wconf 89' lang='lat' dir='ltr'><strong>partim</strong></span> <span class='ocrx_word' id='word_1_168' title='bbox 1034 1994 1078 2035; x_wconf 89' lang='lat' dir='ltr'><strong>in</strong></span> <span class='ocrx_word' id='word_1_169' title='bbox 1100 1994 1287 2049; x_wconf 85' lang='lat' dir='ltr'><strong>Graecia,</strong></span> <span class='ocrx_word' id='word_1_170' title='bbox 1310 2010 1407 2053; x_wconf 90' lang='lat' dir='ltr'><strong>par-</strong></span> 
     </span>
     <span class='ocr_line' id='line_1_24' title="bbox 34 2072 1406 2133; baseline 0 -17"><span class='ocrx_word' id='word_1_171' title='bbox 34 2074 114 2116; x_wconf 89' lang='lat' dir='ltr'><strong>tim</strong></span> <span class='ocrx_word' id='word_1_172' title='bbox 142 2074 185 2116; x_wconf 92' lang='lat' dir='ltr'><strong>in</strong></span> <span class='ocrx_word' id='word_1_173' title='bbox 210 2073 354 2117; x_wconf 87' lang='lat' dir='ltr'><strong>Sicilia</strong></span> <span class='ocrx_word' id='word_1_174' title='bbox 384 2074 638 2126; x_wconf 85' lang='lat' dir='ltr'><strong>contractis,</strong></span> <span class='ocrx_word' id='word_1_175' title='bbox 665 2082 916 2133; x_wconf 87' lang='lat' dir='ltr'><strong>opportuna</strong></span> <span class='ocrx_word' id='word_1_176' title='bbox 948 2072 1063 2116; x_wconf 92' lang='lat' dir='ltr'><strong>bello</strong></span> <span class='ocrx_word' id='word_1_177' title='bbox 1088 2072 1182 2116; x_wconf 88' lang='lat' dir='ltr'><strong>loca</strong></span> <span class='ocrx_word' id='word_1_178' title='bbox 1209 2083 1406 2133; x_wconf 88' lang='lat' dir='ltr'><strong>occupat.</strong></span> 
     </span>
     <span class='ocr_line' id='line_1_25' title="bbox 32 2152 1407 2212; baseline -0.001 -16"><span class='ocrx_word' id='word_1_179' title='bbox 32 2153 215 2196; x_wconf 86' lang='lat' dir='ltr'><strong>Duobus</strong></span> <span class='ocrx_word' id='word_1_180' title='bbox 244 2153 399 2196; x_wconf 91' lang='lat' dir='ltr'><strong>deinde</strong></span> <span class='ocrx_word' id='word_1_181' title='bbox 428 2152 591 2212; x_wconf 87' lang='lat' dir='ltr'><strong>proeliis</strong></span> <span class='ocrx_word' id='word_1_182' title='bbox 617 2153 776 2207; x_wconf 88' lang='lat' dir='ltr'><strong>victus,</strong></span> <span class='ocrx_word' id='word_1_183' title='bbox 807 2168 1062 2212; x_wconf 83' lang='lat' dir='ltr'><strong>congressus</strong></span> <span class='ocrx_word' id='word_1_184' title='bbox 1091 2153 1239 2206; x_wconf 88' lang='lat' dir='ltr'><strong>tertio,</strong></span> <span class='ocrx_word' id='word_1_185' title='bbox 1267 2153 1407 2195; x_wconf 89' lang='lat' dir='ltr'><strong>occiso</strong></span> 
     </span>
     <span class='ocr_line' id='line_1_26' title="bbox 33 2230 1408 2292; baseline 0 -18"><span class='ocrx_word' id='word_1_186' title='bbox 33 2233 276 2287; x_wconf 86' lang='lat' dir='ltr'><strong>Lamacho,</strong></span> <span class='ocrx_word' id='word_1_187' title='bbox 310 2242 350 2275; x_wconf 89' lang='lat' dir='ltr'><strong>et</strong></span> <span class='ocrx_word' id='word_1_188' title='bbox 376 2233 521 2275; x_wconf 87' lang='lat' dir='ltr'><strong>hostes</strong></span> <span class='ocrx_word' id='word_1_189' title='bbox 550 2233 594 2275; x_wconf 91' lang='lat' dir='ltr'><strong>in</strong></span> <span class='ocrx_word' id='word_1_190' title='bbox 622 2232 769 2292; x_wconf 84' lang='lat' dir='ltr'><strong>fugam</strong></span> <span class='ocrx_word' id='word_1_191' title='bbox 799 2230 1032 2292; x_wconf 86' lang='lat' dir='ltr'><strong>compulit,</strong></span> <span class='ocrx_word' id='word_1_192' title='bbox 1061 2241 1103 2274; x_wconf 91' lang='lat' dir='ltr'><strong>et</strong></span> <span class='ocrx_word' id='word_1_193' title='bbox 1130 2231 1266 2275; x_wconf 82' lang='lat' dir='ltr'><strong>socios</strong></span> <span class='ocrx_word' id='word_1_194' title='bbox 1293 2232 1408 2274; x_wconf 92' lang='lat' dir='ltr'><strong>obsi-</strong></span> 
     </span>
     <span class='ocr_line' id='line_1_27' title="bbox 34 2310 1404 2371; baseline 0.001 -18"><span class='ocrx_word' id='word_1_195' title='bbox 34 2311 163 2354; x_wconf 88' lang='lat' dir='ltr'><strong>dione</strong></span> <span class='ocrx_word' id='word_1_196' title='bbox 182 2310 393 2355; x_wconf 84' lang='lat' dir='ltr'><strong>liberavit.</strong></span> <span class='ocrx_word' id='word_1_197' title='bbox 423 2312 506 2356; x_wconf 91' lang='lat' dir='ltr'><strong>Sed</strong></span> <span class='ocrx_word' id='word_1_198' title='bbox 523 2328 659 2371; x_wconf 90' lang='lat' dir='ltr'><strong>quum</strong></span> <span class='ocrx_word' id='word_1_199' title='bbox 675 2312 962 2356; x_wconf 88' lang='lat' dir='ltr'><strong>Athenienses</strong></span> <span class='ocrx_word' id='word_1_200' title='bbox 980 2328 1004 2354; x_wconf 88' lang='lat' dir='ltr'><strong>a</strong></span> <span class='ocrx_word' id='word_1_201' title='bbox 1020 2310 1133 2354; x_wconf 90' lang='lat' dir='ltr'><strong>hello</strong></span> <span class='ocrx_word' id='word_1_202' title='bbox 1151 2312 1345 2354; x_wconf 87' lang='lat' dir='ltr'><strong>terrestri</strong></span> <span class='ocrx_word' id='word_1_203' title='bbox 1362 2312 1404 2354; x_wconf 91' lang='lat' dir='ltr'><strong>in</strong></span> 
     </span>
     <span class='ocr_line' id='line_1_28' title="bbox 34 2389 1407 2452; baseline 0.001 -20"><span class='ocrx_word' id='word_1_204' title='bbox 34 2389 187 2433; x_wconf 88' lang='lat' dir='ltr'><strong>navale</strong></span> <span class='ocrx_word' id='word_1_205' title='bbox 213 2407 256 2432; x_wconf 85' lang='lat' dir='ltr'><strong>se</strong></span> <span class='ocrx_word' id='word_1_206' title='bbox 282 2390 622 2447; x_wconf 86' lang='lat' dir='ltr'><strong>transtulissent,</strong></span> <span class='ocrx_word' id='word_1_207' title='bbox 649 2390 867 2452; x_wconf 85' lang='lat' dir='ltr'><strong>Gylippus</strong></span> <span class='ocrx_word' id='word_1_208' title='bbox 890 2390 1068 2434; x_wconf 89' lang='lat' dir='ltr'><strong>classem</strong></span> <span class='ocrx_word' id='word_1_209' title='bbox 1096 2391 1407 2434; x_wconf 83' lang='lat' dir='ltr'><strong>Lacedaemone</strong></span> 
     </span>
     <span class='ocr_line' id='line_1_29' title="bbox 33 2468 1405 2532; baseline -0.001 -19"><span class='ocrx_word' id='word_1_210' title='bbox 33 2486 132 2513; x_wconf 90' lang='lat' dir='ltr'><strong>cum</strong></span> <span class='ocrx_word' id='word_1_211' title='bbox 151 2468 320 2512; x_wconf 80' lang='lat' dir='ltr'><strong>auxiliis</strong></span> <span class='ocrx_word' id='word_1_212' title='bbox 345 2472 532 2513; x_wconf 88' lang='lat' dir='ltr'><strong>arcessit.</strong></span> <span class='ocrx_word' id='word_1_213' title='bbox 549 2471 652 2527; x_wconf 82' lang='lat' dir='ltr'><strong>Quo</strong></span> <span class='ocrx_word' id='word_1_214' title='bbox 677 2472 872 2532; x_wconf 84' lang='lat' dir='ltr'><strong>cognito,</strong></span> <span class='ocrx_word' id='word_1_215' title='bbox 895 2481 936 2514; x_wconf 89' lang='lat' dir='ltr'><strong>et</strong></span> <span class='ocrx_word' id='word_1_216' title='bbox 956 2471 1038 2530; x_wconf 91' lang='lat' dir='ltr'><strong>ipsi</strong></span> <span class='ocrx_word' id='word_1_217' title='bbox 1059 2471 1345 2514; x_wconf 89' lang='lat' dir='ltr'><strong>Athenienses</strong></span> <span class='ocrx_word' id='word_1_218' title='bbox 1361 2470 1405 2512; x_wconf 88' lang='lat' dir='ltr'><strong>in</strong></span> 
     </span>
     <span class='ocr_line' id='line_1_30' title="bbox 35 2548 1404 2609; baseline -0.001 -18"><span class='ocrx_word' id='word_1_219' title='bbox 35 2548 177 2593; x_wconf 90' lang='lat' dir='ltr'><strong>locum</strong></span> <span class='ocrx_word' id='word_1_220' title='bbox 203 2549 346 2592; x_wconf 87' lang='lat' dir='ltr'><strong>amissi</strong></span> <span class='ocrx_word' id='word_1_221' title='bbox 367 2548 486 2591; x_wconf 88' lang='lat' dir='ltr'><strong>ducis</strong></span> <span class='ocrx_word' id='word_1_222' title='bbox 509 2551 850 2593; x_wconf 85' lang='lat' dir='ltr'><strong>Demosthenem</strong></span> <span class='ocrx_word' id='word_1_223' title='bbox 873 2559 914 2593; x_wconf 89' lang='lat' dir='ltr'><strong>et</strong></span> <span class='ocrx_word' id='word_1_224' title='bbox 935 2549 1283 2609; x_wconf 87' lang='lat' dir='ltr'><strong>Eurymedonta,</strong></span> <span class='ocrx_word' id='word_1_225' title='bbox 1307 2565 1404 2591; x_wconf 88' lang='lat' dir='ltr'><strong>cum</strong></span> 
     </span>
    </p>
   </div>
   <div class='ocr_carea' id='block_1_3' title="bbox 34 2628 1404 2759">
    <p class='ocr_par' dir='ltr' id='par_1_4' title="bbox 34 2628 1404 2759">
     <span class='ocr_line' id='line_1_31' title="bbox 34 2628 1404 2689; baseline -0.002 -18"><span class='ocrx_word' id='word_1_226' title='bbox 34 2628 336 2689; x_wconf 82' lang='lat' dir='ltr'><strong>supplemento</strong></span> <span class='ocrx_word' id='word_1_227' title='bbox 375 2629 601 2687; x_wconf 79' lang='lat' dir='ltr'><strong>copiarum</strong></span> <span class='ocrx_word' id='word_1_228' title='bbox 633 2629 839 2671; x_wconf 90' lang='lat' dir='ltr'><strong>mittunt:</strong></span> <span class='ocrx_word' id='word_1_229' title='bbox 871 2628 1173 2688; x_wconf 88' lang='lat' dir='ltr'><strong>Peloponnesii</strong></span> <span class='ocrx_word' id='word_1_230' title='bbox 1206 2643 1404 2688; x_wconf 86' lang='lat' dir='ltr'><strong>quoque,</strong></span> 
     </span>
     <span class='ocr_line' id='line_1_32' title="bbox 191 2709 1179 2759; baseline -0.001 -12"><span class='ocrx_word' id='word_1_231' title='bbox 191 2723 215 2747; x_wconf 90' lang='lat' dir='ltr'><strong>l.</strong></span> <span class='ocrx_word' id='word_1_232' title='bbox 1154 2709 1179 2759; x_wconf 61' lang='lat'><strong>[⁴</strong></span> 
     </span>
    </p>
   </div>
  </div>
 </body>
</html>
